timestamp,price,quantity,is_buyer_maker
1774542793775,68914.86,0.06182,false
1774542793775,68914.86,0.00008,false
1774542793775,68914.86,0.00008,false
1774542793775,68914.86,0.00008,false
1774542793775,68914.86,0.00008,false
1774542793775,68914.86,0.00008,false
1774542793775,68914.86,0.00008,false
1774542793775,68914.86,0.00008,false
1774542793775,68914.86,0.00008,false
1774542793775,68914.86,0.00008,false
1774542793775,68914.86,0.00008,false
1774542793775,68914.86,0.00008,false
1774542793775,68914.86,0.00015,false
1774542793775,68914.86,0.00015,false
1774542793775,68914.86,0.00008,false
1774542793775,68914.86,0.01,false
1774542793775,68914.86,0.00008,false
1774542793775,68914.86,0.00008,false
1774542793775,68914.86,0.00008,false
1774542793775,68914.86,0.00008,false
1774542793775,68914.86,0.00008,false
1774542793775,68914.86,0.00507,false
1774542793775,68914.86,0.007,false
1774542793775,68914.86,0.00008,false
1774542793775,68914.86,0.00008,false
1774542793775,68914.86,0.00008,false
1774542793775,68914.86,0.00008,false
1774542793775,68914.86,0.00035,false
1774542793775,68914.86,0.11877,false
1774542793775,68914.86,0.11177,false
1774542793775,68914.86,0.00008,false
1774542793775,68914.86,0.00008,false
1774542793775,68914.86,0.00008,false
1774542793775,68914.86,0.00008,false
1774542793775,68914.86,0.00008,false
1774542793775,68914.86,0.00008,false
1774542793775,68914.86,0.00008,false
1774542793775,68914.86,0.00008,false
1774542793775,68914.86,0.00008,false
1774542793775,68914.86,0.00008,false
1774542793775,68914.86,0.00008,false
1774542793775,68914.86,0.00008,false
1774542793775,68914.86,0.00008,false
1774542793775,68914.86,0.00008,false
1774542793775,68914.87,0.00008,false
1774542793775,68914.87,0.00008,false
1774542793775,68914.87,0.00008,false
1774542793775,68914.87,0.00008,false
1774542793775,68915.19,0.00008,false
1774542793775,68915.19,0.00008,false
1774542793775,68915.19,0.00008,false
1774542793775,68915.19,0.00008,false
1774542793775,68915.19,0.00008,false
1774542793775,68915.7,0.00008,false
1774542793775,68915.7,0.00008,false
1774542793775,68916.15,0.00008,false
1774542793775,68916.72,0.00008,false
1774542793775,68916.73,0.00008,false
1774542793775,68916.73,0.00008,false
1774542793775,68916.73,0.00008,false
1774542793775,68916.73,0.00008,false
1774542793775,68917.31,0.00008,false
1774542793775,68917.32,0.00008,false
1774542793775,68917.33,0.00008,false
1774542793775,68917.34,0.00008,false
1774542793775,68917.34,0.00008,false
1774542793775,68917.35,0.00008,false
1774542793775,68917.47,0.00008,false
1774542793775,68918,0.0004,false
1774542793775,68918,0.0004,false
1774542793775,68918,0.0004,false
1774542793775,68918.69,0.05,false
1774542793775,68918.97,0.0003,false
1774542793775,68919.66,0.00008,false
1774542793775,68919.69,0.003,false
1774542793775,68919.7,0.00008,false
1774542793775,68920,0.0004,false
1774542793775,68920,0.0004,false
1774542793775,68920,0.0004,false
1774542793775,68920.4,0.00352,false
1774542793775,68920.49,0.00008,false
1774542793775,68921.14,0.00008,false
1774542793775,68921.76,0.00146,false
1774542793775,68922,0.0004,false
1774542793775,68922,0.0004,false
1774542793775,68922,0.0004,false
1774542793775,68922.02,0.00008,false
1774542793775,68922.03,0.12273,false
1774542793775,68922.03,0.04123,false
1774542793775,68922.03,0.00008,false
1774542793775,68922.03,0.00008,false
1774542793775,68922.04,0.47905,false
1774542793775,68922.04,0.00008,false
1774542793775,68922.04,0.00008,false
1774542793775,68922.64,0.0003,false
1774542793775,68923.01,0.06801,false
1774542793775,68923.01,0.00008,false
1774542793775,68923.01,0.00008,false
1774542793775,68923.21,0.00015,false
1774542793775,68923.25,0.00008,false
1774542793775,68923.27,0.00008,false
1774542793775,68923.91,0.00008,false
1774542793775,68924,0.0004,false
1774542793775,68924,0.0004,false
1774542793775,68924,0.0004,false
1774542793775,68924.28,0.00008,false
1774542793775,68924.52,0.003,false
1774542793775,68924.61,0.00008,false
1774542793775,68924.81,0.00088,false
1774542793775,68924.88,0.00008,false
1774542793775,68925.32,0.01,false
1774542793775,68925.32,0.00008,false
1774542793775,68925.32,0.00008,false
1774542793775,68925.39,0.13071,false
1774542793775,68925.39,0.00008,false
1774542793775,68925.39,0.00008,false
1774542793775,68925.44,0.00581,false
1774542793775,68925.44,0.00581,false
1774542793775,68925.44,0.00008,false
1774542793775,68925.44,0.00008,false
1774542793775,68925.62,0.00072,false
1774542793775,68926,0.0004,false
1774542793775,68926,0.0004,false
1774542793775,68926,0.0004,false
1774542793775,68926.65,0.00015,false
1774542793775,68926.66,0.003,false
1774542793775,68926.8,0.00008,false
1774542793775,68927.16,0.01473,false
1774542793775,68927.2,0.00145,false
1774542793775,68927.31,0.00145,false
1774542793775,68927.38,0.00145,false
1774542793775,68927.44,0.17429,false
1774542793777,68927.44,0.00008,false
1774542794040,68927.43,0.00016,true
1774542794053,68927.44,0.01202,false
1774542794415,68927.43,0.00121,true
1774542794415,68927.43,0.00008,true
1774542794415,68927.43,0.00015,true
1774542794415,68927.43,0.00008,true
1774542794415,68927.43,0.00008,true
1774542794415,68927.43,0.00015,true
1774542794415,68927.43,0.00015,true
1774542794415,68927.43,0.01088,true
1774542794415,68927.43,0.00008,true
1774542794415,68927.43,0.04512,true
1774542794415,68927.43,0.00015,true
1774542794415,68927.43,0.00008,true
1774542794415,68927.43,0.00008,true
1774542794415,68927.43,0.00008,true
1774542794415,68927.43,0.00008,true
1774542794415,68927.43,0.00008,true
1774542794415,68927.43,0.00008,true
1774542794415,68927.43,0.013,true
1774542794415,68927.43,0.00008,true
1774542794415,68927.43,0.00008,true
1774542794415,68927.43,0.00008,true
1774542794415,68927.43,0.00008,true
1774542794415,68927.43,0.00008,true
1774542794415,68927.43,0.00008,true
1774542794415,68927.43,0.00008,true
1774542794415,68927.43,0.00008,true
1774542794415,68927.43,0.00008,true
1774542794415,68927.43,0.00008,true
1774542794415,68927.43,0.00008,true
1774542794415,68927.43,0.00008,true
1774542794415,68927.43,0.00008,true
1774542794415,68927.43,0.00008,true
1774542794415,68927.43,0.00008,true
1774542794415,68927.43,0.00008,true
1774542794415,68927.42,0.00008,true
1774542794415,68927.42,0.00008,true
1774542794415,68927.42,0.00008,true
1774542794415,68927.42,0.00008,true
1774542794415,68927.42,0.00008,true
1774542794415,68927.42,0.00008,true
1774542794415,68927.42,0.00008,true
1774542794415,68927.42,0.00008,true
1774542794415,68927.16,0.00008,true
1774542794886,68927.16,0.00014,false
1774542794987,68927.15,0.00008,true
1774542794987,68927.15,0.00007,true
1774542795125,68927.15,0.00008,true
1774542795125,68927.15,0.00008,true
1774542795125,68927.15,0.00008,true
1774542795125,68927.15,0.00015,true
1774542795125,68927.15,0.00008,true
1774542795125,68927.15,0.00008,true
1774542795125,68927.15,0.00008,true
1774542795125,68927.15,0.00008,true
1774542795125,68927.15,0.00008,true
1774542795125,68927.15,0.00008,true
1774542795125,68927.15,0.00008,true
1774542795125,68927.15,0.00004,true
1774542795142,68927.15,0.00008,true
1774542795142,68927.15,0.00008,true
1774542795142,68927.15,0.00015,true
1774542795142,68927.15,0.00008,true
1774542795142,68927.15,0.00008,true
1774542795142,68927.15,0.00053,true
1774542795144,68927.15,0.00008,true
1774542795144,68927.15,0.00008,true
1774542795144,68927.15,0.00008,true
1774542795144,68927.15,0.00008,true
1774542795144,68927.15,0.00008,true
1774542795144,68927.15,0.00008,true
1774542795144,68927.15,0.00008,true
1774542795144,68927.15,0.00008,true
1774542795144,68927.15,0.00008,true
1774542795144,68927.15,0.00008,true
1774542795144,68927.15,0.00008,true
1774542795144,68927.15,0.00008,true
1774542795144,68927.15,0.00008,true
1774542795144,68927.15,0.0003,true
1774542795144,68927.15,0.00008,true
1774542795144,68927.15,0.00008,true
1774542795144,68927.15,0.00015,true
1774542795144,68927.15,0.00008,true
1774542795144,68927.15,0.00008,true
1774542795144,68927.15,0.00008,true
1774542795144,68927.15,0.00008,true
1774542795144,68927.15,0.00008,true
1774542795144,68927.15,0.00008,true
1774542795144,68927.15,0.00008,true
1774542795144,68927.15,0.00008,true
1774542795144,68927.15,0.00008,true
1774542795144,68927.15,0.00008,true
1774542795144,68927.15,0.00008,true
1774542795144,68927.15,0.00008,true
1774542795144,68927.15,0.00008,true
1774542795144,68927.15,0.00008,true
1774542795144,68927.14,0.00008,true
1774542795144,68927.14,0.00008,true
1774542795144,68927.14,0.00008,true
1774542795144,68927.14,0.00008,true
1774542795144,68927.14,0.00008,true
1774542795144,68927.14,0.00008,true
1774542795144,68927.14,0.00008,true
1774542795144,68926.8,0.00008,true
1774542795144,68925.33,0.00288,true
1774542795144,68925.32,0.00008,true
1774542795154,68925.31,0.0272,true
1774542795154,68925.31,0.00008,true
1774542795154,68925.31,0.00008,true
1774542795154,68925.31,0.00008,true
1774542795154,68925.31,0.00008,true
1774542795154,68925.31,0.00008,true
1774542795154,68925.31,0.00008,true
1774542795154,68925.31,0.00008,true
1774542795154,68925.31,0.00008,true
1774542795154,68925.31,0.00008,true
1774542795154,68925.31,0.00015,true
1774542795154,68925.31,0.00008,true
1774542795154,68925.31,0.00008,true
1774542795154,68925.31,0.00008,true
1774542795154,68925.31,0.00008,true
1774542795154,68925.31,0.00008,true
1774542795154,68925.31,0.00008,true
1774542795154,68925.31,0.00008,true
1774542795154,68925.31,0.00008,true
1774542795154,68925.31,0.00008,true
1774542795154,68925.31,0.00008,true
1774542795154,68925.31,0.00008,true
1774542795154,68925.31,0.00008,true
1774542795154,68925.31,0.00008,true
1774542795154,68925.31,0.00008,true
1774542795154,68925.31,0.00008,true
1774542795154,68925.31,0.00008,true
1774542795154,68925.31,0.00008,true
1774542795154,68925.31,0.1224,true
1774542795162,68925.31,0.00008,true
1774542795162,68925.31,0.00008,true
1774542795162,68925.31,0.00015,true
1774542795162,68925.31,0.00008,true
1774542795162,68925.31,0.00008,true
1774542795162,68925.31,0.00008,true
1774542795162,68925.31,0.00008,true
1774542795162,68925.31,0.00008,true
1774542795162,68925.31,0.00008,true
1774542795162,68925.31,0.00008,true
1774542795162,68925.31,0.00003,true
1774542795223,68925.31,0.00005,true
1774542795223,68925.31,0.00008,true
1774542795223,68925.31,0.00008,true
1774542795223,68925.31,0.00008,true
1774542795223,68925.31,0.00008,true
1774542795223,68925.31,0.00008,true
1774542795223,68925.31,0.00008,true
1774542795223,68925.31,0.00008,true
1774542795223,68925.31,0.00008,true
1774542795223,68925.31,0.00015,true
1774542795223,68925.31,0.00008,true
1774542795223,68925.31,0.00008,true
1774542795223,68925.31,0.00008,true
1774542795223,68925.31,0.00008,true
1774542795223,68925.31,0.00008,true
1774542795223,68925.31,0.39857,true
1774542795223,68925.31,0.00015,true
1774542795223,68925.31,0.00008,true
1774542795223,68925.31,0.00008,true
1774542795223,68925.31,0.00008,true
1774542795223,68925.31,0.00008,true
1774542795223,68925.31,0.00008,true
1774542795223,68925.31,0.00008,true
1774542795223,68925.3,0.00008,true
1774542795223,68925.3,0.00008,true
1774542795223,68925.3,0.00008,true
1774542795223,68925.3,0.00008,true
1774542795223,68925.3,0.00008,true
1774542795223,68925.3,0.00008,true
1774542795223,68925.3,0.00008,true
1774542795223,68925.3,0.00008,true
1774542795223,68924.03,0.00008,true
1774542795223,68924.02,0.00008,true
1774542795223,68924.02,0.00008,true
1774542795223,68924.02,0.00008,true
1774542795223,68924.02,0.00008,true
1774542795225,68923.6,0.00008,true
1774542795225,68923.6,0.00008,true
1774542795225,68923.6,0.00008,true
1774542795225,68923.6,0.00008,true
1774542795225,68923.6,0.00008,true
1774542795225,68923.6,0.00008,true
1774542795225,68923.6,0.00008,true
1774542795225,68923.6,0.00008,true
1774542795225,68923.6,0.00008,true
1774542795225,68923.6,0.00008,true
1774542795225,68923.6,0.00008,true
1774542795225,68923.6,0.00008,true
1774542795225,68923.6,0.00008,true
1774542795225,68923.6,0.00008,true
1774542795236,68923.59,0.001,true
1774542795244,68923.59,0.001,true
1774542795342,68923.59,0.00008,true
1774542795342,68923.59,0.00008,true
1774542795342,68923.59,0.00008,true
1774542795342,68923.59,0.00008,true
1774542795342,68923.59,0.00008,true
1774542795342,68923.59,0.00008,true
1774542795342,68923.59,0.00008,true
1774542795342,68923.59,0.00008,true
1774542795342,68923.59,0.00008,true
1774542795342,68923.59,0.00008,true
1774542795342,68923.59,0.00008,true
1774542795342,68923.59,0.00008,true
1774542795342,68923.59,0.00008,true
1774542795342,68923.59,0.00008,true
1774542795342,68923.59,0.00008,true
1774542795342,68923.59,0.00008,true
1774542795342,68923.59,0.00008,true
1774542795342,68923.59,0.00015,true
1774542795342,68923.59,0.00008,true
1774542795342,68923.59,0.00008,true
1774542795342,68923.59,0.00008,true
1774542795342,68923.59,0.00008,true
1774542795342,68923.59,0.00008,true
1774542795342,68923.59,0.00015,true
1774542795342,68923.59,0.00008,true
1774542795342,68923.59,0.00008,true
1774542795342,68923.59,0.00008,true
1774542795342,68923.59,0.00008,true
1774542795342,68923.59,0.00008,true
1774542795342,68923.58,0.00008,true
1774542795342,68923.58,0.00008,true
1774542795342,68923.58,0.00008,true
1774542795342,68923.58,0.00008,true
1774542795342,68923.58,0.00008,true
1774542795342,68923.58,0.00008,true
1774542795342,68923.58,0.00008,true
1774542795342,68923.58,0.00008,true
1774542795342,68923.25,0.00008,true
1774542795342,68922.6,0.003,true
1774542795342,68921.11,0.00008,true
1774542795342,68920.5,0.00008,true
1774542795342,68920.14,0.00008,true
1774542795342,68919.86,0.00008,true
1774542795414,68919.85,0.00008,true
1774542795414,68919.85,0.00008,true
1774542795414,68919.85,0.00008,true
1774542795414,68919.85,0.00008,true
1774542795414,68919.85,0.00008,true
1774542795414,68919.85,0.00008,true
1774542795414,68919.85,0.00008,true
1774542795414,68919.85,0.00008,true
1774542795414,68919.85,0.00008,true
1774542795414,68919.85,0.00008,true
1774542795414,68919.85,0.00015,true
1774542795414,68919.85,0.00008,true
1774542795414,68919.85,0.00008,true
1774542795414,68919.85,0.00008,true
1774542795414,68919.85,0.00008,true
1774542795414,68919.85,0.00008,true
1774542795414,68919.85,0.00007,true
1774542795430,68919.85,0.00001,true
1774542795430,68919.85,0.00008,true
1774542795430,68919.85,0.00008,true
1774542795430,68919.85,0.00008,true
1774542795430,68919.85,0.00008,true
1774542795430,68919.85,0.00008,true
1774542795430,68919.85,0.00008,true
1774542795430,68919.85,0.00015,true
1774542795430,68919.85,0.00008,true
1774542795430,68919.85,0.00008,true
1774542795430,68919.85,0.00008,true
1774542795430,68919.85,0.00008,true
1774542795430,68919.85,0.00008,true
1774542795430,68919.85,0.00008,true
1774542795430,68919.85,0.00008,true
1774542795430,68919.85,0.00008,true
1774542795430,68919.85,0.00008,true
1774542795430,68919.85,0.00008,true
1774542795430,68919.85,0.00008,true
1774542795430,68919.85,0.00008,true
1774542795430,68919.85,0.00008,true
1774542795430,68919.85,0.00008,true
1774542795430,68919.85,0.00008,true
1774542795430,68919.85,0.00008,true
1774542795430,68919.85,0.00633,true
1774542795430,68919.85,0.00008,true
1774542795430,68919.84,0.00008,true
1774542795430,68919.84,0.00008,true
1774542795430,68919.84,0.00008,true
1774542795430,68919.84,0.00008,true
1774542795430,68919.84,0.00008,true
1774542795430,68919.84,0.00008,true
1774542795430,68919.84,0.00008,true
1774542795430,68919.84,0.00008,true
1774542795430,68919.84,0.00008,true
1774542795430,68919.7,0.00008,true
1774542795430,68918.69,0.00008,true
1774542795430,68918.69,0.00008,true
1774542795597,68918.46,0.00011,true
1774542795597,68918.46,0.00079,true
1774542795597,68918.46,0.05123,true
1774542795597,68918.46,0.09302,true
1774542795809,68918.47,0.00037,false
1774542796204,68918.47,0.00018,false
1774542796838,68918.47,0.00016,false
1774542796933,68918.47,0.00017,false
1774542797247,68918.46,0.00023,true
1774542797515,68918.47,0.00212,false
1774542798359,68918.47,0.08455,false
1774542799151,68918.47,0.00011,false
1774542799333,68918.46,0.00008,true
1774542799333,68918.46,0.00008,true
1774542799354,68918.46,0.00015,true
1774542799354,68918.46,0.00008,true
1774542799354,68918.46,0.00008,true
1774542799354,68918.46,0.00008,true
1774542799354,68918.46,0.00015,true
1774542799354,68918.46,0.00008,true
1774542799354,68918.46,0.00015,true
1774542799354,68918.46,0.00008,true
1774542799354,68918.46,0.00015,true
1774542799354,68918.46,0.00015,true
1774542799354,68918.46,0.00015,true
1774542799354,68918.46,0.00015,true
1774542799354,68918.46,0.00015,true
1774542799354,68918.46,0.00008,true
1774542799354,68918.46,0.00008,true
1774542799354,68918.46,0.00008,true
1774542799354,68918.46,0.00008,true
1774542799354,68918.46,0.00688,true
1774542799354,68918.46,0.00008,true
1774542799354,68918.46,0.00008,true
1774542799354,68918.46,0.00008,true
1774542799354,68918.46,0.00008,true
1774542799354,68918.46,0.00008,true
1774542799354,68918.46,0.00008,true
1774542799354,68918.46,0.00008,true
1774542799354,68918.46,0.00008,true
1774542799354,68918.46,0.00008,true
1774542799354,68918.46,0.00008,true
1774542799354,68918.46,0.00008,true
1774542799354,68918.46,0.00008,true
1774542799354,68918.46,0.00008,true
1774542799354,68918.46,0.00008,true
1774542799354,68918.45,0.00008,true
1774542799354,68918.45,0.00008,true
1774542799354,68918.45,0.00008,true
1774542799354,68918.45,0.00008,true
1774542799354,68918.45,0.00008,true
1774542799354,68918.45,0.00008,true
1774542799354,68918.45,0.00008,true
1774542799354,68918.45,0.00008,true
1774542799354,68918.45,0.00008,true
1774542799354,68918.29,0.00008,true
1774542799354,68918.28,0.09735,true
1774542799354,68918.28,0.00008,true
1774542799354,68918.28,0.00008,true
1774542799354,68918.28,0.00008,true
1774542799354,68918.28,0.00008,true
1774542799354,68918.28,0.00008,true
1774542799354,68918.28,0.00008,true
1774542799354,68918.28,0.00008,true
1774542799360,68917.77,0.003,true
1774542799360,68917.77,0.00008,true
1774542799360,68917.77,0.00008,true
1774542799360,68917.77,0.00008,true
1774542799360,68917.77,0.00008,true
1774542799360,68917.77,0.00008,true
1774542799360,68917.77,0.00008,true
1774542799360,68917.77,0.00008,true
1774542799360,68917.77,0.00008,true
1774542799360,68917.77,0.00008,true
1774542799360,68917.77,0.00008,true
1774542799360,68917.77,0.00015,true
1774542799360,68917.77,0.00008,true
1774542799360,68917.77,0.00008,true
1774542799360,68917.77,0.00008,true
1774542799360,68917.77,0.00008,true
1774542799360,68917.77,0.00008,true
1774542799360,68917.77,0.00008,true
1774542799360,68917.77,0.00008,true
1774542799360,68917.77,0.00008,true
1774542799360,68917.77,0.00008,true
1774542799360,68917.77,0.00008,true
1774542799360,68917.77,0.00008,true
1774542799360,68917.76,0.00008,true
1774542799360,68917.76,0.00008,true
1774542799360,68917.76,0.00008,true
1774542799360,68917.76,0.00008,true
1774542799360,68917.76,0.00008,true
1774542799360,68917.76,0.00008,true
1774542799360,68917.76,0.00008,true
1774542799360,68917.76,0.00008,true
1774542799360,68917.76,0.00008,true
1774542799360,68917.67,0.00008,true
1774542799361,68916.95,0.00008,true
1774542799361,68916.95,0.00008,true
1774542799361,68916.71,0.00008,true
1774542799361,68916.6,0.00008,true
1774542799463,68916.59,0.01,true
1774542799463,68916.59,0.00008,true
1774542799463,68916.59,0.00008,true
1774542799463,68916.59,0.00008,true
1774542799463,68916.59,0.00008,true
1774542799463,68916.59,0.00008,true
1774542799463,68916.59,0.00008,true
1774542799463,68916.59,0.00008,true
1774542799463,68916.59,0.00008,true
1774542799463,68916.59,0.00008,true
1774542799463,68916.59,0.00008,true
1774542799463,68916.59,0.00008,true
1774542799463,68916.59,0.00015,true
1774542799463,68916.59,0.00008,true
1774542799463,68916.59,0.00008,true
1774542799463,68916.59,0.00008,true
1774542799463,68916.59,0.00008,true
1774542799463,68916.59,0.00008,true
1774542799463,68916.59,0.00008,true
1774542799463,68916.59,0.00008,true
1774542799463,68916.59,0.00008,true
1774542799463,68916.59,0.00008,true
1774542799463,68916.59,0.00008,true
1774542799463,68916.59,0.00008,true
1774542799463,68916.59,0.00008,true
1774542799463,68916.59,0.00008,true
1774542799463,68916.59,0.00008,true
1774542799463,68916.59,0.00008,true
1774542799463,68916.58,0.00008,true
1774542799463,68916.58,0.00008,true
1774542799463,68916.58,0.00008,true
1774542799463,68916.58,0.00008,true
1774542799463,68916.58,0.00008,true
1774542799463,68916.58,0.00008,true
1774542799463,68916.58,0.00008,true
1774542799463,68916.58,0.00008,true
1774542799463,68916.58,0.00008,true
1774542799463,68916.15,0.00008,true
1774542799465,68914.47,0.00088,true
1774542799465,68914.47,0.00008,true
1774542799465,68914.47,0.00008,true
1774542799465,68914.47,0.00008,true
1774542799465,68914.47,0.00008,true
1774542799465,68914.47,0.00008,true
1774542799465,68914.47,0.00008,true
1774542799465,68914.47,0.00008,true
1774542799465,68914.47,0.00008,true
1774542799465,68914.47,0.00008,true
1774542799465,68914.47,0.00008,true
1774542799465,68914.47,0.00008,true
1774542799465,68914.47,0.00008,true
1774542799467,68914.44,0.00008,true
1774542799467,68914.44,0.00008,true
1774542799467,68914.44,0.00008,true
1774542799467,68914.2,0.00008,true
1774542799467,68913.88,0.00008,true
1774542799467,68913.87,0.00008,true
1774542799467,68913.87,0.00008,true
1774542799515,68912.92,0.00008,true
1774542799515,68912.92,0.00008,true
1774542799515,68912.92,0.00008,true
1774542799515,68912.92,0.00008,true
1774542799515,68912.92,0.00008,true
1774542799515,68912.92,0.00008,true
1774542799515,68912.92,0.00008,true
1774542799515,68912.92,0.00008,true
1774542799515,68912.92,0.00008,true
1774542799515,68912.92,0.00015,true
1774542799515,68912.92,0.00008,true
1774542799515,68912.92,0.00008,true
1774542799515,68912.92,0.00008,true
1774542799515,68912.92,0.00008,true
1774542799515,68912.92,0.00008,true
1774542799515,68912.92,0.00008,true
1774542799515,68912.92,0.00008,true
1774542799515,68912.92,0.00008,true
1774542799515,68912.92,0.00008,true
1774542799515,68912.92,0.00008,true
1774542799515,68912.92,0.00008,true
1774542799515,68912.91,0.00008,true
1774542799515,68912.91,0.00008,true
1774542799515,68912.91,0.00008,true
1774542799515,68912.91,0.00008,true
1774542799515,68912.91,0.00008,true
1774542799515,68912.91,0.00008,true
1774542799515,68912.91,0.00008,true
1774542799515,68912.91,0.00008,true
1774542799515,68912.91,0.00008,true
1774542799515,68912.6,0.00008,true
1774542799515,68912.34,0.00352,true
1774542799515,68911.56,0.00008,true
1774542799515,68911.55,0.00008,true
1774542799515,68911.55,0.00008,true
1774542799515,68910.76,0.00015,true
1774542799515,68910.74,0.00008,true
1774542799515,68910.73,0.00008,true
1774542799515,68910.73,0.00008,true
1774542799515,68910.73,0.00008,true
1774542799515,68910.46,0.00008,true
1774542799515,68910.45,0.00008,true
1774542799515,68910.45,0.00008,true
1774542799515,68910.29,0.00008,true
1774542799515,68910.29,0.00008,true
1774542799515,68910.24,0.00008,true
1774542799515,68910.23,0.00008,true
1774542799515,68910.23,0.00008,true
1774542799515,68910.17,0.00008,true
1774542799515,68910.17,0.00008,true
1774542799515,68909.46,0.00008,true
1774542799515,68909.46,0.00008,true
1774542799515,68909.44,0.00008,true
1774542799515,68909.44,0.00008,true
1774542799515,68909.22,0.00008,true
1774542799515,68909.05,0.00008,true
1774542799515,68908.82,0.00008,true
1774542799515,68908.82,0.00008,true
1774542799515,68908.81,0.003,true
1774542799515,68908.77,0.00051,true
1774542799515,68908.45,0.00008,true
1774542799515,68908.45,0.00008,true
1774542799515,68908.25,0.00008,true
1774542799515,68908.25,0.00008,true
1774542799515,68907.81,0.00008,true
1774542799515,68907.36,0.00009,true
1774542799515,68907.26,0.00008,true
1774542799515,68907.13,0.0003,true
1774542799515,68907.04,0.00469,true
1774542799515,68906.67,0.00008,true
1774542799515,68906.67,0.00008,true
1774542799515,68906.45,0.00008,true
1774542799515,68906.44,0.00782,true
1774542799515,68906.44,0.00008,true
1774542799515,68906.44,0.00008,true
1774542799515,68906.4,0.00008,true
1774542799518,68905.98,0.00008,true
1774542799520,68905.98,0.0009,true
1774542800178,68905.99,0.01962,false
1774542800197,68905.99,0.0001,false
1774542800280,68905.98,0.12973,true
1774542800280,68905.98,0.01544,true
1774542800617,68905.99,0.00011,false
1774542801910,68905.99,0.00016,false
1774542802142,68905.99,0.04639,false
1774542802585,68905.99,0.0009,false
1774542803021,68905.98,0.00015,true
1774542803021,68905.98,0.00008,true
1774542803021,68905.98,0.00008,true
1774542803021,68905.98,0.00008,true
1774542803021,68905.98,0.00008,true
1774542803021,68905.98,0.00015,true
1774542803021,68905.98,0.00084,true
1774542803131,68905.99,0.00012,false
1774542803159,68905.99,0.00235,false
1774542803502,68905.99,0.00014,false
1774542803781,68905.99,0.00001,false
1774542803781,68905.99,0.00008,false
1774542803781,68905.99,0.00015,false
1774542803781,68905.99,0.00282,false
1774542803781,68905.99,0.00015,false
1774542803781,68905.99,0.00008,false
1774542803781,68905.99,0.00008,false
1774542803781,68905.99,0.00008,false
1774542803781,68905.99,0.00008,false
1774542803781,68905.99,0.03,false
1774542803781,68905.99,0.00727,false
1774542803781,68905.99,0.00632,false
1774542803793,68905.98,0.00049,true
1774542803960,68905.99,0.00014,false
1774542803994,68905.99,0.00146,false
1774542804147,68905.99,0.03998,false
1774542804398,68905.98,0.00016,true
1774542805170,68905.98,0.02572,true
1774542805170,68905.98,0.07,true
1774542805170,68905.98,0.00015,true
1774542805170,68905.98,0.00008,true
1774542805170,68905.98,0.00015,true
1774542805170,68905.98,0.008,true
1774542805170,68905.98,0.01,true
1774542805170,68905.98,0.00015,true
1774542805170,68905.98,0.00015,true
1774542805170,68905.98,0.00015,true
1774542805170,68905.98,0.03063,true
1774542805456,68905.99,0.0059,false
1774542806012,68905.99,0.00098,false
1774542806410,68905.99,0.00097,false
1774542807118,68905.99,0.00016,false
1774542807466,68905.99,0.00025,false
1774542808132,68905.99,0.00714,false
1774542808149,68905.99,0.00009,false
1774542809146,68905.99,0.07631,false
1774542809146,68905.99,0.00008,false
1774542809146,68905.99,0.00069,false
1774542809146,68905.99,0.00008,false
1774542809146,68905.99,0.00008,false
1774542809146,68905.99,0.00015,false
1774542809146,68905.99,0.00291,false
1774542809460,68905.98,0.00014,true
1774542810477,68905.98,0.00001,true
1774542810477,68905.98,0.00015,true
1774542810477,68905.98,0.00015,true
1774542810477,68905.98,0.00015,true
1774542810477,68905.98,0.00015,true
1774542810477,68905.98,0.00008,true
1774542810477,68905.98,0.00639,true
1774542810477,68905.98,0.00015,true
1774542810477,68905.98,0.00008,true
1774542810477,68905.98,0.01,true
1774542810477,68905.98,0.1165,true
1774542810477,68905.98,0.01137,true
1774542810828,68905.98,0.00164,true
1774542810928,68905.98,0.01492,true
1774542811038,68905.98,0.01249,true
1774542811715,68905.99,0.00441,false
1774542811715,68905.99,0.00015,false
1774542811715,68905.99,0.00015,false
1774542811715,68905.99,0.00015,false
1774542811715,68905.99,0.00008,false
1774542811715,68905.99,0.00015,false
1774542811715,68905.99,0.00015,false
1774542811715,68905.99,0.00015,false
1774542811715,68905.99,0.00015,false
1774542811715,68905.99,0.00008,false
1774542811715,68905.99,0.00008,false
1774542811715,68905.99,0.00008,false
1774542811715,68905.99,0.00008,false
1774542811715,68905.99,0.00008,false
1774542811715,68905.99,0.00008,false
1774542811715,68905.99,0.00008,false
1774542811715,68905.99,0.007,false
1774542811715,68905.99,0.00713,false
1774542811715,68905.99,0.00008,false
1774542811715,68905.99,0.00008,false
1774542811715,68905.99,0.00008,false
1774542811715,68905.99,0.00008,false
1774542811715,68905.99,0.00008,false
1774542811715,68905.99,0.00267,false
1774542811715,68905.99,0.00008,false
1774542811715,68905.99,0.00008,false
1774542811715,68905.99,0.00008,false
1774542811715,68905.99,0.00008,false
1774542811715,68905.99,0.00008,false
1774542811715,68905.99,0.01893,false
1774542811715,68905.99,0.00008,false
1774542811715,68905.99,0.00008,false
1774542811715,68905.99,0.00008,false
1774542811715,68905.99,0.00008,false
1774542811715,68905.99,0.00008,false
1774542811715,68905.99,0.00008,false
1774542811715,68905.99,0.00008,false
1774542811715,68905.99,0.00008,false
1774542811715,68905.99,0.00008,false
1774542811715,68905.99,0.00008,false
1774542811715,68905.99,0.00008,false
1774542811715,68905.99,0.00008,false
1774542811715,68905.99,0.00008,false
1774542811715,68905.99,0.00008,false
1774542811715,68905.99,0.00008,false
1774542811715,68905.99,0.00008,false
1774542811715,68905.99,0.00008,false
1774542811715,68905.99,0.00008,false
1774542811715,68906,0.00008,false
1774542811715,68906,0.00008,false
1774542811715,68906,0.00008,false
1774542811715,68906,0.00008,false
1774542811715,68906,0.00008,false
1774542811715,68906,0.00008,false
1774542811715,68906.51,0.00008,false
1774542811715,68906.52,0.00008,false
1774542811715,68906.52,0.00008,false
1774542811915,68907.09,0.00086,true
1774542812148,68907.09,0.0001,true
1774542812423,68907.1,0.0009,false
1774542813019,68907.1,0.006,false
1774542813090,68907.1,0.00007,false
1774542813216,68907.1,0.00016,false
1774542813466,68907.09,0.00011,true
1774542813530,68907.1,0.00008,false
1774542813530,68907.1,0.00008,false
1774542813530,68907.1,0.00008,false
1774542813530,68907.1,0.00008,false
1774542813530,68907.1,0.00015,false
1774542813530,68907.1,0.00008,false
1774542813530,68907.1,0.00008,false
1774542813530,68907.1,0.00008,false
1774542813530,68907.1,0.00008,false
1774542813530,68907.1,0.00008,false
1774542813530,68907.1,0.00008,false
1774542813530,68907.1,0.00008,false
1774542813530,68907.1,0.0007,false
1774542813530,68907.1,0.00008,false
1774542813530,68907.1,0.00216,false
1774542813530,68907.1,0.00015,false
1774542813530,68907.1,0.00008,false
1774542813530,68907.1,0.00008,false
1774542813530,68907.1,0.007,false
1774542813530,68907.1,0.00008,false
1774542813530,68907.1,0.00008,false
1774542813530,68907.1,0.00008,false
1774542813530,68907.1,0.00008,false
1774542813530,68907.1,0.00008,false
1774542813530,68907.1,0.00008,false
1774542813530,68907.1,0.00008,false
1774542813530,68907.1,0.00008,false
1774542813530,68907.11,0.00008,false
1774542813530,68907.11,0.00008,false
1774542813530,68907.11,0.00008,false
1774542813530,68907.11,0.00008,false
1774542813530,68907.11,0.00008,false
1774542813530,68907.3,0.00008,false
1774542813530,68908.05,0.00008,false
1774542813530,68908.06,0.00008,false
1774542813530,68908.06,0.00008,false
1774542813558,68908.5,0.00008,false
1774542813558,68908.5,0.00008,false
1774542813558,68908.5,0.00008,false
1774542813558,68908.5,0.00008,false
1774542813558,68908.5,0.00008,false
1774542813558,68908.5,0.00008,false
1774542813558,68908.5,0.00008,false
1774542813558,68908.5,0.00008,false
1774542813558,68908.5,0.00008,false
1774542813558,68908.5,0.00015,false
1774542813558,68908.5,0.00008,false
1774542813558,68908.5,0.00008,false
1774542813558,68908.5,0.00008,false
1774542813558,68908.5,0.00008,false
1774542813558,68908.5,0.00008,false
1774542813558,68908.5,0.00008,false
1774542813558,68908.5,0.00008,false
1774542813558,68908.5,0.00008,false
1774542813558,68908.5,0.0007,false
1774542813558,68908.5,0.00008,false
1774542813558,68908.51,0.00008,false
1774542813558,68908.51,0.00008,false
1774542813558,68908.51,0.00008,false
1774542813558,68908.51,0.00008,false
1774542813558,68908.51,0.00008,false
1774542813558,68908.51,0.00008,false
1774542813558,68908.51,0.00008,false
1774542813558,68908.51,0.00008,false
1774542813558,68908.51,0.00008,false
1774542813558,68908.51,0.00008,false
1774542813558,68908.51,0.00008,false
1774542813558,68908.51,0.00008,false
1774542813558,68908.68,0.00008,false
1774542813558,68909.05,0.00008,false
1774542813558,68909.25,0.00008,false
1774542813558,68909.26,0.00487,false
1774542813587,68909.26,0.00062,false
1774542813610,68909.26,0.00451,false
1774542813610,68909.26,0.00008,false
1774542813610,68909.26,0.00008,false
1774542813610,68909.26,0.00008,false
1774542813610,68909.26,0.00008,false
1774542813610,68909.26,0.00008,false
1774542813610,68909.26,0.00008,false
1774542813610,68909.26,0.00008,false
1774542813610,68909.26,0.00008,false
1774542813610,68909.26,0.00008,false
1774542813610,68909.26,0.00015,false
1774542813610,68909.26,0.00008,false
1774542813610,68909.26,0.00008,false
1774542813610,68909.26,0.00008,false
1774542813610,68909.26,0.00008,false
1774542813610,68909.26,0.00008,false
1774542813610,68909.26,0.00008,false
1774542813610,68909.26,0.00008,false
1774542813610,68909.26,0.00008,false
1774542813610,68909.26,0.00008,false
1774542813610,68909.26,0.00008,false
1774542813610,68909.26,0.00008,false
1774542813610,68909.27,0.00008,false
1774542813610,68909.27,0.00008,false
1774542813610,68909.27,0.00008,false
1774542813610,68909.27,0.00008,false
1774542813610,68909.27,0.00008,false
1774542813610,68909.27,0.00008,false
1774542813610,68909.27,0.00008,false
1774542813610,68909.96,0.00008,false
1774542813610,68909.96,0.00008,false
1774542813610,68909.96,0.00008,false
1774542813610,68909.96,0.00008,false
1774542813610,68910.47,0.00008,false
1774542813795,68910.48,0.00008,false
1774542813795,68910.48,0.00008,false
1774542813795,68910.48,0.00008,false
1774542813795,68910.48,0.00008,false
1774542813795,68910.48,0.00015,false
1774542813795,68910.48,0.00008,false
1774542813795,68910.48,0.00008,false
1774542813795,68910.48,0.00008,false
1774542813795,68910.48,0.00008,false
1774542813795,68910.48,0.00008,false
1774542813795,68910.48,0.00015,false
1774542813795,68910.48,0.00008,false
1774542813795,68910.48,0.00008,false
1774542813795,68910.48,0.00216,false
1774542813795,68910.48,0.00008,false
1774542813795,68910.48,0.00008,false
1774542813795,68910.48,0.00008,false
1774542813795,68910.48,0.00008,false
1774542813795,68910.48,0.00008,false
1774542813795,68910.48,0.00008,false
1774542813795,68910.48,0.00008,false
1774542813795,68910.49,0.00008,false
1774542813795,68910.49,0.00008,false
1774542813795,68910.49,0.00008,false
1774542813795,68910.49,0.00008,false
1774542813795,68910.49,0.00008,false
1774542813795,68910.49,0.00008,false
1774542813795,68910.49,0.00008,false
1774542813795,68912.6,0.00008,false
1774542813795,68912.91,0.00008,false
1774542813795,68912.91,0.00008,false
1774542813795,68912.92,0.00008,false
1774542813795,68912.92,0.00008,false
1774542813795,68912.92,0.00008,false
1774542813797,68912.93,0.00008,false
1774542813797,68912.93,0.00008,false
1774542813797,68912.93,0.00008,false
1774542813797,68912.93,0.00008,false
1774542813797,68912.93,0.00008,false
1774542813797,68912.93,0.01921,false
1774542814097,68912.93,0.00008,false
1774542814097,68912.93,0.00008,false
1774542814097,68912.93,0.00004,false
1774542814139,68912.93,0.00008,false
1774542814139,68912.93,0.00008,false
1774542814139,68912.93,0.00015,false
1774542814139,68912.93,0.00008,false
1774542814139,68912.93,0.00008,false
1774542814139,68912.93,0.00008,false
1774542814139,68912.93,0.00008,false
1774542814139,68912.93,0.00008,false
1774542814139,68912.93,0.00008,false
1774542814139,68912.93,0.00008,false
1774542814139,68912.93,0.00216,false
1774542814139,68912.93,0.00008,false
1774542814139,68912.93,0.00008,false
1774542814139,68912.93,0.00008,false
1774542814139,68912.93,0.01,false
1774542814139,68912.93,0.00008,false
1774542814139,68912.93,0.00008,false
1774542814139,68912.93,0.00008,false
1774542814139,68912.93,0.00008,false
1774542814139,68912.93,0.00008,false
1774542814139,68912.93,0.00008,false
1774542814139,68912.93,0.00008,false
1774542814139,68912.94,0.00008,false
1774542814139,68912.94,0.00008,false
1774542814139,68912.94,0.00008,false
1774542814139,68912.94,0.00008,false
1774542814139,68912.94,0.00008,false
1774542814139,68912.94,0.00008,false
1774542814139,68914.2,0.00008,false
1774542814139,68914.61,0.00008,false
1774542814139,68915.65,0.003,false
1774542814139,68916.15,0.00008,false
1774542814139,68916.7,0.00008,false
1774542814139,68916.75,0.003,false
1774542814139,68917.04,0.00008,false
1774542814139,68917.04,0.00008,false
1774542814139,68917.26,0.00469,false
1774542814139,68917.44,0.00008,false
1774542814139,68917.45,0.02312,false
1774542814190,68917.45,0.00008,false
1774542814190,68917.45,0.00008,false
1774542814190,68917.45,0.00008,false
1774542814190,68917.45,0.00008,false
1774542814190,68917.45,0.00008,false
1774542814190,68917.45,0.00008,false
1774542814190,68917.45,0.00015,false
1774542814190,68917.45,0.00008,false
1774542814190,68917.45,0.00008,false
1774542814190,68917.45,0.00008,false
1774542814190,68917.45,0.00008,false
1774542814190,68917.45,0.00008,false
1774542814190,68917.45,0.00008,false
1774542814190,68917.45,0.00008,false
1774542814190,68917.45,0.00008,false
1774542814190,68917.45,0.00008,false
1774542814190,68917.45,0.00008,false
1774542814190,68917.45,0.00008,false
1774542814190,68917.45,0.00008,false
1774542814190,68917.45,0.00008,false
1774542814190,68917.45,0.00008,false
1774542814190,68917.45,0.00008,false
1774542814190,68917.45,0.00008,false
1774542814190,68917.45,0.00015,false
1774542814190,68917.45,0.00008,false
1774542814190,68917.45,0.00008,false
1774542814190,68917.45,0.00008,false
1774542814190,68917.45,0.00008,false
1774542814190,68917.45,0.00008,false
1774542814190,68917.45,0.00069,false
1774542814190,68917.45,0.0488,false
1774542814190,68917.45,0.00008,false
1774542814190,68917.45,0.00008,false
1774542814190,68917.45,0.00008,false
1774542814190,68917.45,0.00008,false
1774542814190,68917.45,0.00008,false
1774542814190,68917.45,0.00008,false
1774542814190,68917.46,0.00008,false
1774542814190,68917.46,0.00008,false
1774542814190,68917.46,0.00008,false
1774542814190,68917.46,0.00008,false
1774542814190,68917.46,0.00008,false
1774542814190,68917.46,0.00008,false
1774542814190,68917.46,0.00008,false
1774542814190,68917.46,0.00008,false
1774542814190,68917.46,0.00008,false
1774542814190,68917.46,0.00008,false
1774542814190,68917.67,0.00008,false
1774542814190,68918.12,0.00008,false
1774542814190,68919.04,0.00008,false
1774542814190,68919.04,0.1125,false
1774542814653,68919.04,0.0002,false
1774542814906,68919.03,0.00011,true
1774542815516,68919.03,0.1445,true
1774542815516,68919.03,0.00066,true
1774542815695,68919.03,0.00016,true
1774542815926,68919.03,0.00028,true
1774542816190,68919.03,0.00008,true
1774542816402,68919.03,0.02544,true
1774542816402,68919.03,0.03409,true
1774542816744,68919.03,0.00041,true
1774542818021,68919.03,0.00015,true
1774542818521,68919.03,0.07046,true
1774542818521,68919.03,0.04495,true
1774542818521,68919.03,0.04362,true
1774542818775,68919.04,0.00008,false
1774542818775,68919.04,0.00008,false
1774542818775,68919.04,0.00008,false
1774542818775,68919.04,0.00008,false
1774542818775,68919.04,0.00015,false
1774542818775,68919.04,0.00015,false
1774542818775,68919.04,0.00176,false
1774542818858,68919.04,0.0004,false
1774542818858,68919.04,0.00008,false
1774542818858,68919.04,0.00004,false
1774542819112,68919.03,0.00357,true
1774542820144,68919.04,0.00011,false
1774542820144,68919.04,0.01,false
1774542820144,68919.04,0.00015,false
1774542820144,68919.04,0.00015,false
1774542820144,68919.04,0.00015,false
1774542820144,68919.04,0.01529,false
1774542820164,68919.04,0.00016,false
1774542820369,68919.03,0.00047,true
1774542820389,68919.03,0.00009,true
1774542820442,68919.04,0.0035,false
1774542820515,68919.03,0.0005,true
1774542820617,68919.03,0.14514,true
1774542820938,68919.04,0.12075,false
1774542820938,68919.04,0.00008,false
1774542820938,68919.04,0.007,false
1774542820938,68919.04,0.00008,false
1774542820938,68919.04,0.00008,false
1774542820938,68919.04,0.00008,false
1774542820938,68919.04,0.00008,false
1774542820938,68919.04,0.00081,false
1774542820938,68919.04,0.00008,false
1774542820938,68919.04,0.00008,false
1774542820938,68919.04,0.00008,false
1774542820938,68919.04,0.00008,false
1774542820938,68919.04,0.00008,false
1774542820938,68919.04,0.00008,false
1774542820938,68919.04,0.00008,false
1774542820938,68919.04,0.00008,false
1774542820938,68919.04,0.00008,false
1774542820938,68919.04,0.00015,false
1774542820938,68919.04,0.01,false
1774542820938,68919.04,0.00008,false
1774542820938,68919.04,0.00008,false
1774542820938,68919.04,0.00008,false
1774542820938,68919.04,0.00008,false
1774542820938,68919.04,0.00008,false
1774542820938,68919.04,0.00008,false
1774542820938,68919.04,0.00008,false
1774542820938,68919.04,0.00008,false
1774542820938,68919.05,0.00008,false
1774542820938,68919.05,0.00008,false
1774542820938,68919.05,0.00008,false
1774542820938,68919.05,0.00008,false
1774542820938,68919.05,0.00008,false
1774542820938,68919.66,0.00008,false
1774542820938,68919.7,0.00008,false
1774542820938,68919.77,0.00353,false
1774542820941,68920.15,0.00008,false
1774542820941,68920.15,0.00008,false
1774542820941,68920.15,0.00008,false
1774542820941,68920.15,0.00008,false
1774542820941,68920.15,0.00008,false
1774542820941,68920.15,0.00008,false
1774542820941,68920.15,0.00008,false
1774542820941,68920.15,0.00008,false
1774542820941,68920.15,0.00008,false
1774542820941,68920.15,0.00008,false
1774542820941,68920.15,0.00008,false
1774542820941,68920.15,0.00008,false
1774542820941,68920.15,0.00008,false
1774542820941,68920.15,0.00008,false
1774542820941,68920.15,0.00008,false
1774542820941,68920.15,0.00008,false
1774542820941,68920.38,0.00008,false
1774542820941,68920.88,0.00008,false
1774542820941,68920.89,0.00008,false
1774542820941,68920.89,0.00008,false
1774542820992,68921.14,0.00008,false
1774542820992,68921.14,0.00008,false
1774542820992,68921.14,0.00008,false
1774542820992,68921.14,0.00008,false
1774542820992,68921.14,0.00015,false
1774542820992,68921.14,0.00008,false
1774542820992,68921.14,0.00008,false
1774542820992,68921.14,0.00008,false
1774542820992,68921.14,0.00008,false
1774542820992,68921.14,0.00008,false
1774542820992,68921.14,0.00008,false
1774542820992,68921.14,0.00008,false
1774542820992,68921.14,0.00008,false
1774542820992,68921.14,0.00008,false
1774542820992,68921.14,0.00008,false
1774542820992,68921.14,0.00008,false
1774542820992,68921.14,0.00008,false
1774542820992,68921.14,0.00008,false
1774542820992,68921.14,0.00008,false
1774542820992,68921.14,0.00008,false
1774542820992,68921.14,0.00008,false
1774542820992,68921.14,0.00008,false
1774542820992,68921.15,0.00008,false
1774542820992,68921.15,0.00008,false
1774542820992,68921.15,0.00008,false
1774542820992,68921.15,0.00008,false
1774542820992,68921.15,0.00008,false
1774542820992,68921.15,0.00008,false
1774542820992,68921.15,0.00008,false
1774542820992,68921.6,0.00008,false
1774542820992,68922.27,0.00008,false
1774542821044,68922.28,0.00008,false
1774542821044,68922.28,0.00008,false
1774542821044,68922.28,0.00008,false
1774542821044,68922.28,0.00008,false
1774542821044,68922.28,0.00008,false
1774542821044,68922.28,0.00015,false
1774542821044,68922.28,0.00008,false
1774542821044,68922.28,0.00008,false
1774542821044,68922.28,0.00008,false
1774542821044,68922.28,0.00008,false
1774542821044,68922.28,0.00008,false
1774542821044,68922.28,0.00008,false
1774542821044,68922.28,0.00008,false
1774542821044,68922.28,0.00008,false
1774542821044,68922.28,0.00008,false
1774542821044,68922.28,0.00008,false
1774542821044,68922.28,0.00008,false
1774542821044,68922.28,0.00008,false
1774542821044,68922.28,0.00008,false
1774542821044,68922.28,0.00008,false
1774542821044,68922.28,0.00008,false
1774542821044,68922.28,0.00008,false
1774542821044,68922.28,0.00008,false
1774542821044,68922.28,0.00008,false
1774542821044,68922.28,0.00008,false
1774542821044,68922.28,0.00008,false
1774542821044,68922.28,0.00008,false
1774542821044,68922.28,0.00008,false
1774542821044,68922.28,0.00008,false
1774542821044,68922.28,0.00008,false
1774542821044,68922.29,0.00008,false
1774542821044,68922.29,0.00008,false
1774542821044,68922.29,0.00008,false
1774542821044,68922.29,0.00008,false
1774542821044,68922.29,0.00008,false
1774542821044,68922.29,0.00008,false
1774542821044,68922.29,0.00008,false
1774542821044,68922.29,0.00008,false
1774542821044,68922.7,0.00032,false
1774542821044,68922.71,0.00008,false
1774542821044,68922.72,0.00008,false
1774542821044,68922.72,0.00008,false
1774542821044,68923.25,0.00008,false
1774542821044,68923.6,0.00015,false
1774542821044,68923.87,0.003,false
1774542821044,68924.49,0.00008,false
1774542821044,68924.49,0.00008,false
1774542821044,68924.61,0.00008,false
1774542821044,68924.81,0.00088,false
1774542821044,68924.88,0.00008,false
1774542821096,68924.95,0.00145,false
1774542821096,68924.95,0.00008,false
1774542821096,68924.95,0.00008,false
1774542821096,68924.95,0.00008,false
1774542821096,68924.95,0.00008,false
1774542821096,68924.95,0.00008,false
1774542821096,68924.95,0.00015,false
1774542821096,68924.95,0.00008,false
1774542821096,68924.95,0.00008,false
1774542821096,68924.95,0.00008,false
1774542821096,68924.95,0.00008,false
1774542821096,68924.95,0.00008,false
1774542821096,68924.95,0.00008,false
1774542821096,68924.95,0.00008,false
1774542821096,68924.95,0.00008,false
1774542821096,68924.95,0.00008,false
1774542821096,68924.95,0.00015,false
1774542821096,68924.95,0.00008,false
1774542821096,68924.95,0.00008,false
1774542821096,68924.95,0.00008,false
1774542821096,68924.95,0.00008,false
1774542821096,68924.95,0.00008,false
1774542821096,68924.95,0.00008,false
1774542821096,68924.95,0.00008,false
1774542821096,68924.95,0.00008,false
1774542821096,68924.95,0.00008,false
1774542821096,68924.95,0.00008,false
1774542821096,68924.95,0.00048,false
1774542821096,68924.95,0.00008,false
1774542821096,68924.95,0.00008,false
1774542821096,68924.96,0.00008,false
1774542821096,68924.96,0.00008,false
1774542821096,68924.96,0.00008,false
1774542821096,68924.96,0.00008,false
1774542821096,68924.96,0.00008,false
1774542821096,68924.96,0.00008,false
1774542821096,68924.96,0.00008,false
1774542821096,68924.96,0.00008,false
1774542821096,68924.96,0.00008,false
1774542821096,68925.73,0.00235,false
1774542821096,68925.92,0.00008,false
1774542821096,68925.93,0.00008,false
1774542821096,68925.94,0.00008,false
1774542821096,68925.94,0.00008,false
1774542821096,68926.27,0.00008,false
1774542821096,68926.27,0.00008,false
1774542821096,68926.8,0.00008,false
1774542821223,68927.11,0.00145,false
1774542821409,68927.11,0.00008,false
1774542821409,68927.11,0.00008,false
1774542821409,68927.11,0.00008,false
1774542821409,68927.11,0.00008,false
1774542821409,68927.11,0.00008,false
1774542821409,68927.11,0.00015,false
1774542821409,68927.11,0.00008,false
1774542821409,68927.11,0.00008,false
1774542821409,68927.11,0.00008,false
1774542821409,68927.11,0.00008,false
1774542821409,68927.11,0.00008,false
1774542821409,68927.11,0.00008,false
1774542821409,68927.11,0.00008,false
1774542821409,68927.11,0.00008,false
1774542821409,68927.11,0.00015,false
1774542821409,68927.11,0.00008,false
1774542821409,68927.11,0.00008,false
1774542821409,68927.11,0.00008,false
1774542821409,68927.11,0.00008,false
1774542821409,68927.11,0.00008,false
1774542821409,68927.11,0.00008,false
1774542821409,68927.11,0.00008,false
1774542821409,68927.11,0.00008,false
1774542821409,68927.11,0.00008,false
1774542821409,68927.11,0.00008,false
1774542821409,68927.11,0.00008,false
1774542821409,68927.11,0.00008,false
1774542821409,68927.11,0.00008,false
1774542821409,68927.11,0.00008,false
1774542821409,68927.11,0.00008,false
1774542821409,68927.11,0.00008,false
1774542821409,68927.11,0.00008,false
1774542821409,68927.11,0.00008,false
1774542821409,68927.11,0.00008,false
1774542821409,68927.11,0.00008,false
1774542821409,68927.11,0.00008,false
1774542821409,68927.11,0.00008,false
1774542821409,68927.11,0.00008,false
1774542821409,68927.12,0.00008,false
1774542821409,68927.12,0.00008,false
1774542821409,68927.12,0.00008,false
1774542821409,68927.12,0.00008,false
1774542821409,68927.12,0.00008,false
1774542821409,68927.12,0.00008,false
1774542821409,68927.12,0.00008,false
1774542821409,68927.12,0.00008,false
1774542821409,68927.12,0.00008,false
1774542821409,68927.13,0.00008,false
1774542821409,68927.13,0.00008,false
1774542821409,68927.43,0.00008,false
1774542821409,68927.44,0.00008,false
1774542821409,68927.44,0.00008,false
1774542821409,68927.44,0.00008,false
1774542821409,68927.44,0.00008,false
1774542821409,68927.74,0.00353,false
1774542821423,68928,0.0004,false
1774542821423,68928,0.0004,false
1774542821423,68928,0.0004,false
1774542821423,68928,0.00011,false
1774542821423,68928,0.00008,false
1774542821423,68928,0.00008,false
1774542821423,68928,0.00008,false
1774542821423,68928,0.00008,false
1774542821423,68928,0.00008,false
1774542821423,68928,0.00015,false
1774542821423,68928,0.00008,false
1774542821423,68928,0.00008,false
1774542821423,68928,0.00008,false
1774542821423,68928,0.00008,false
1774542821423,68928,0.00008,false
1774542821423,68928,0.00008,false
1774542821423,68928,0.00008,false
1774542821423,68928,0.00008,false
1774542821423,68928,0.00008,false
1774542821423,68928,0.00015,false
1774542821423,68928,0.00008,false
1774542821423,68928,0.00008,false
1774542821423,68928,0.00008,false
1774542821423,68928,0.00008,false
1774542821423,68928,0.00008,false
1774542821423,68928,0.00008,false
1774542821423,68928,0.00008,false
1774542821423,68928,0.00008,false
1774542821423,68928,0.00008,false
1774542821423,68928.01,0.00008,false
1774542821423,68928.01,0.00008,false
1774542821423,68928.01,0.00008,false
1774542821423,68928.01,0.00008,false
1774542821423,68928.01,0.00008,false
1774542821423,68928.01,0.00008,false
1774542821423,68928.01,0.00008,false
1774542821423,68928.01,0.00008,false
1774542821423,68928.01,0.00008,false
1774542821423,68928.08,0.00008,false
1774542821532,68928.7,0.003,false
1774542821532,68928.7,0.00008,false
1774542821532,68928.7,0.00008,false
1774542821532,68928.7,0.00008,false
1774542821532,68928.7,0.00008,false
1774542821532,68928.7,0.00008,false
1774542821532,68928.7,0.00008,false
1774542821532,68928.7,0.00008,false
1774542821532,68928.7,0.00008,false
1774542821532,68928.7,0.00008,false
1774542821532,68928.7,0.00008,false
1774542821532,68928.7,0.00008,false
1774542821532,68928.7,0.00015,false
1774542821532,68928.7,0.00008,false
1774542821532,68928.7,0.00008,false
1774542821532,68928.7,0.00261,false
1774542821532,68928.7,0.00008,false
1774542821532,68928.7,0.00008,false
1774542821532,68928.7,0.00008,false
1774542821532,68928.7,0.00008,false
1774542821532,68928.7,0.00008,false
1774542821532,68928.7,0.00008,false
1774542821532,68928.7,0.00008,false
1774542821532,68928.7,0.00008,false
1774542821532,68928.71,0.00008,false
1774542821532,68928.71,0.00008,false
1774542821532,68928.71,0.00008,false
1774542821532,68928.71,0.00008,false
1774542821532,68928.71,0.00008,false
1774542821532,68928.71,0.00008,false
1774542821532,68928.71,0.00008,false
1774542821532,68928.71,0.00008,false
1774542821532,68929.15,0.00008,false
1774542821532,68929.16,0.00008,false
1774542821532,68929.17,0.00008,false
1774542821532,68929.18,0.00008,false
1774542821532,68929.18,0.00008,false
1774542821534,68930,0.0004,false
1774542821534,68930,0.0004,false
1774542821534,68930,0.0004,false
1774542821534,68930.1,0.00008,false
1774542821535,68930.35,0.00008,false
1774542821535,68930.35,0.00008,false
1774542821535,68930.35,0.00008,false
1774542821535,68930.35,0.00008,false
1774542821535,68930.35,0.00008,false
1774542821535,68930.35,0.00008,false
1774542821535,68930.35,0.00008,false
1774542821535,68930.35,0.00008,false
1774542821535,68930.35,0.00008,false
1774542821535,68930.35,0.00008,false
1774542821535,68930.35,0.00008,false
1774542821535,68930.35,0.00008,false
1774542821595,68930.65,0.00142,false
1774542821595,68930.65,0.00008,false
1774542821595,68930.65,0.00008,false
1774542821595,68930.65,0.00008,false
1774542821595,68930.65,0.00008,false
1774542821595,68930.65,0.00008,false
1774542821595,68930.65,0.00008,false
1774542821595,68930.65,0.00008,false
1774542821595,68930.65,0.00008,false
1774542821595,68930.65,0.00008,false
1774542821595,68930.65,0.00008,false
1774542821595,68930.65,0.00008,false
1774542821595,68930.65,0.00008,false
1774542821595,68930.65,0.00015,false
1774542821595,68930.65,0.00008,false
1774542821595,68930.65,0.00008,false
1774542821595,68930.65,0.00008,false
1774542821595,68930.65,0.00008,false
1774542821595,68930.65,0.00008,false
1774542821595,68930.65,0.00008,false
1774542821595,68930.65,0.00008,false
1774542821595,68930.65,0.00008,false
1774542821595,68930.65,0.00008,false
1774542821595,68930.65,0.00008,false
1774542821595,68930.65,0.00008,false
1774542821595,68930.65,0.00008,false
1774542821595,68930.65,0.00008,false
1774542821595,68930.66,0.00008,false
1774542821595,68930.66,0.00008,false
1774542821595,68930.66,0.00008,false
1774542821595,68930.66,0.00008,false
1774542821595,68930.66,0.00008,false
1774542821595,68930.66,0.00008,false
1774542821595,68930.66,0.00008,false
1774542821595,68930.66,0.00008,false
1774542821595,68930.66,0.00008,false
1774542821595,68930.79,0.00008,false
1774542821595,68930.8,0.00661,false
1774542821595,68930.8,0.00008,false
1774542821595,68930.8,0.00008,false
1774542821595,68931.01,0.00008,false
1774542821595,68931.01,0.00008,false
1774542821595,68931.04,0.00008,false
1774542821654,68931.05,0.09553,false
1774542821654,68931.05,0.00008,false
1774542821654,68931.05,0.00008,false
1774542821654,68931.05,0.00008,false
1774542821654,68931.05,0.00008,false
1774542821654,68931.05,0.00008,false
1774542821654,68931.05,0.00008,false
1774542821654,68931.05,0.00008,false
1774542821654,68931.05,0.00008,false
1774542821654,68931.05,0.00015,false
1774542821654,68931.05,0.00008,false
1774542821654,68931.05,0.00008,false
1774542821654,68931.05,0.00008,false
1774542821654,68931.05,0.00008,false
1774542821654,68931.05,0.00008,false
1774542821654,68931.05,0.00008,false
1774542821654,68931.05,0.00008,false
1774542821654,68931.05,0.00008,false
1774542821654,68931.05,0.00008,false
1774542821654,68931.05,0.00008,false
1774542821654,68931.05,0.00008,false
1774542821654,68931.05,0.00008,false
1774542821654,68931.05,0.00008,false
1774542821654,68931.05,0.00008,false
1774542821654,68931.05,0.00008,false
1774542821654,68931.05,0.00008,false
1774542821654,68931.06,0.00008,false
1774542821654,68931.06,0.00008,false
1774542821654,68931.06,0.00008,false
1774542821654,68931.06,0.00008,false
1774542821654,68931.06,0.00008,false
1774542821654,68931.06,0.00008,false
1774542821654,68931.06,0.00008,false
1774542821654,68931.06,0.00008,false
1774542821656,68931.55,0.00008,false
1774542821656,68931.55,0.00008,false
1774542821656,68931.55,0.00008,false
1774542821656,68931.55,0.00008,false
1774542821670,68932,0.0004,false
1774542821670,68932,0.0004,false
1774542821670,68932,0.0004,false
1774542821670,68932,0.00008,false
1774542821670,68932,0.00008,false
1774542821670,68932,0.00008,false
1774542821670,68932,0.00008,false
1774542821670,68932,0.00008,false
1774542821670,68932,0.00008,false
1774542821670,68932,0.00008,false
1774542821670,68932,0.00008,false
1774542821670,68932,0.00008,false
1774542821670,68932,0.00008,false
1774542821670,68932,0.00008,false
1774542821670,68932,0.00008,false
1774542821670,68932,0.00008,false
1774542821670,68932,0.00015,false
1774542821670,68932,0.00008,false
1774542821670,68932,0.00008,false
1774542821670,68932,0.00008,false
1774542821670,68932,0.00008,false
1774542821670,68932,0.00008,false
1774542821670,68932,0.00008,false
1774542821670,68932.01,0.00008,false
1774542821670,68932.01,0.00008,false
1774542821670,68932.01,0.00008,false
1774542821670,68932.01,0.00008,false
1774542821670,68932.01,0.00008,false
1774542821670,68932.04,0.00471,false
1774542821703,68933.41,0.00008,false
1774542821703,68933.41,0.00008,false
1774542821703,68933.41,0.00008,false
1774542821703,68933.41,0.00007,false
1774542821723,68933.41,0.00001,false
1774542821723,68933.41,0.00008,false
1774542821723,68933.41,0.00008,false
1774542821723,68933.41,0.00008,false
1774542821723,68933.41,0.00015,false
1774542821723,68933.41,0.00008,false
1774542821723,68933.41,0.00008,false
1774542821723,68933.41,0.00008,false
1774542821723,68933.41,0.00008,false
1774542821723,68933.41,0.00008,false
1774542821723,68933.41,0.00008,false
1774542821723,68933.42,0.00008,false
1774542821723,68933.42,0.00008,false
1774542821723,68933.42,0.00008,false
1774542821723,68933.42,0.00008,false
1774542821723,68933.42,0.00008,false
1774542821723,68933.59,0.00008,false
1774542821723,68933.69,0.00145,false
1774542821723,68933.9,0.00008,false
1774542821723,68934,0.0004,false
1774542821723,68934,0.0004,false
1774542821723,68934,0.0004,false
1774542821723,68934.16,0.00015,false
1774542821723,68934.91,0.00011,false
1774542821723,68934.98,0.00008,false
1774542821723,68935.02,0.00008,false
1774542821723,68935.14,0.00088,false
1774542821723,68935.32,0.00008,false
1774542821723,68935.66,0.00008,false
1774542822010,68935.72,0.00091,false
1774542822140,68935.71,0.00011,true
1774542822150,68935.72,0.00262,false
1774542822150,68935.72,0.00008,false
1774542822150,68935.72,0.00008,false
1774542822150,68935.72,0.00008,false
1774542822150,68935.72,0.00008,false
1774542822150,68935.72,0.00008,false
1774542822150,68935.72,0.00008,false
1774542822150,68935.72,0.00008,false
1774542822150,68935.72,0.00015,false
1774542822150,68935.72,0.00008,false
1774542822150,68935.72,0.00008,false
1774542822150,68935.72,0.00008,false
1774542822150,68935.72,0.00008,false
1774542822150,68935.72,0.00008,false
1774542822150,68935.72,0.00008,false
1774542822150,68935.72,0.00008,false
1774542822150,68935.72,0.00008,false
1774542822150,68935.72,0.00008,false
1774542822150,68935.72,0.005,false
1774542822150,68935.72,0.05103,false
1774542822207,68935.72,0.01256,false
1774542822267,68935.72,0.00015,false
1774542822267,68935.72,0.00008,false
1774542822267,68935.72,0.00008,false
1774542822267,68935.72,0.00008,false
1774542822267,68935.72,0.00008,false
1774542822267,68935.72,0.00008,false
1774542822267,68935.72,0.00008,false
1774542822267,68935.72,0.00008,false
1774542822267,68935.72,0.00008,false
1774542822267,68935.72,0.00008,false
1774542822267,68935.72,0.00008,false
1774542822267,68935.72,0.00008,false
1774542822267,68935.72,0.00008,false
1774542822267,68935.72,0.00008,false
1774542822267,68935.72,0.00008,false
1774542822267,68935.72,0.00008,false
1774542822267,68935.72,0.00008,false
1774542822267,68935.72,0.00008,false
1774542822267,68935.73,0.00008,false
1774542822267,68935.73,0.00008,false
1774542822267,68935.73,0.00008,false
1774542822267,68935.73,0.00008,false
1774542822267,68935.73,0.00008,false
1774542822267,68935.73,0.00008,false
1774542822267,68935.73,0.00008,false
1774542822267,68936,0.0004,false
1774542822267,68936,0.0004,false
1774542822267,68936,0.0004,false
1774542822267,68936.37,0.00235,false
1774542822267,68936.53,0.00008,false
1774542822569,68936.53,0.00015,true
1774542822576,68936.53,0.00047,true
1774542823410,68936.53,0.0004,true
1774542823419,68936.53,0.0006,true
1774542823856,68936.54,0.00009,false
1774542824086,68936.54,0.00074,false
1774542824313,68936.53,0.00008,true
1774542824313,68936.53,0.00015,true
1774542824313,68936.53,0.00008,true
1774542824313,68936.53,0.00015,true
1774542824313,68936.53,0.00047,true
1774542824313,68936.53,0.00008,true
1774542824313,68936.53,0.00069,true
1774542824313,68936.53,0.0055,true
1774542824540,68936.54,0.00016,false
1774542824545,68936.54,0.00042,false
1774542824625,68936.54,0.00875,false
1774542824625,68936.54,0.00008,false
1774542824625,68936.54,0.00008,false
1774542824625,68936.54,0.00015,false
1774542824625,68936.54,0.00008,false
1774542824625,68936.54,0.0488,false
1774542824625,68936.54,0.00015,false
1774542824625,68936.54,0.01,false
1774542824625,68936.54,0.10966,false
1774542824625,68936.54,0.00008,false
1774542824625,68936.54,0.12217,false
1774542824892,68936.53,0.00109,true
1774542825369,68936.54,0.00024,false
1774542825630,68936.53,0.00008,true
1774542825630,68936.53,0.00856,true
1774542825630,68936.53,0.01263,true
1774542825630,68936.53,0.01335,true
1774542825630,68936.53,0.00008,true
1774542825630,68936.53,0.00008,true
1774542825630,68936.53,0.00008,true
1774542825630,68936.53,0.00008,true
1774542825630,68936.53,0.00008,true
1774542825630,68936.53,0.00008,true
1774542825630,68936.53,0.00008,true
1774542825630,68936.53,0.00072,true
1774542825630,68936.53,0.00008,true
1774542825630,68936.53,0.00008,true
1774542825630,68936.53,0.00008,true
1774542825630,68936.53,0.00015,true
1774542825630,68936.53,0.00015,true
1774542825630,68936.53,0.00069,true
1774542825630,68936.53,0.00008,true
1774542825630,68936.53,0.00008,true
1774542825630,68936.53,0.00008,true
1774542825630,68936.53,0.00008,true
1774542825630,68936.53,0.00008,true
1774542825630,68936.53,0.00008,true
1774542825630,68936.53,0.00008,true
1774542825630,68936.53,0.00015,true
1774542825630,68936.53,0.00729,true
1774542825630,68936.53,0.00015,true
1774542825630,68936.53,0.00021,true
1774542825630,68936.53,0.01142,true
1774542825630,68936.53,0.00008,true
1774542825630,68936.53,0.00008,true
1774542825630,68936.53,0.00008,true
1774542825630,68936.53,0.00008,true
1774542825630,68936.53,0.00729,true
1774542825630,68936.53,0.00008,true
1774542825630,68936.53,0.00008,true
1774542825630,68936.53,0.00008,true
1774542825630,68936.53,0.00729,true
1774542825630,68936.53,0.00008,true
1774542825630,68936.53,0.00008,true
1774542825630,68936.53,0.00729,true
1774542825630,68936.53,0.00565,true
1774542825631,68936.53,0.00164,true
1774542825631,68936.53,0.00008,true
1774542825631,68936.53,0.00008,true
1774542825631,68936.53,0.00008,true
1774542825631,68936.53,0.00008,true
1774542825631,68936.53,0.00729,true
1774542825631,68936.53,0.00729,true
1774542825631,68936.53,0.00081,true
1774542825631,68936.52,0.00008,true
1774542825631,68936.52,0.00008,true
1774542825631,68936.52,0.00008,true
1774542825631,68936.52,0.00008,true
1774542825631,68936.52,0.00008,true
1774542825631,68936.52,0.00008,true
1774542825631,68936.52,0.00008,true
1774542825631,68936.52,0.00008,true
1774542825631,68936.52,0.00008,true
1774542825631,68936.52,0.00008,true
1774542825631,68936.52,0.00008,true
1774542825631,68935.72,0.00008,true
1774542825765,68935.71,0.00008,true
1774542825765,68935.71,0.02719,true
1774542825765,68935.71,0.00017,true
1774542825765,68935.71,0.00674,true
1774542825765,68935.71,0.00051,true
1774542825765,68935.71,0.00008,true
1774542825765,68935.71,0.00008,true
1774542825765,68935.71,0.00008,true
1774542825765,68935.71,0.00008,true
1774542825765,68935.71,0.00008,true
1774542825765,68935.71,0.00008,true
1774542825765,68935.71,0.00008,true
1774542825765,68935.71,0.00008,true
1774542825765,68935.71,0.00008,true
1774542825765,68935.71,0.00008,true
1774542825765,68935.71,0.00008,true
1774542825765,68935.71,0.00008,true
1774542825765,68935.71,0.00008,true
1774542825765,68935.71,0.00008,true
1774542825765,68935.71,0.00008,true
1774542825765,68935.71,0.00008,true
1774542825765,68935.71,0.00008,true
1774542825765,68935.71,0.00008,true
1774542825765,68935.71,0.00008,true
1774542825765,68935.71,0.00008,true
1774542825765,68935.71,0.00015,true
1774542825765,68935.71,0.00008,true
1774542825765,68935.71,0.00069,true
1774542825765,68935.71,0.00372,true
1774542825765,68935.71,0.00008,true
1774542825765,68935.71,0.00372,true
1774542825765,68935.71,0.00008,true
1774542825765,68935.71,0.00008,true
1774542825765,68935.71,0.00008,true
1774542825765,68935.71,0.00008,true
1774542825765,68935.7,0.00008,true
1774542825765,68935.7,0.00008,true
1774542825765,68935.7,0.00008,true
1774542825765,68935.7,0.00008,true
1774542825765,68935.7,0.00008,true
1774542825765,68935.7,0.00008,true
1774542825765,68935.7,0.00008,true
1774542825765,68935.7,0.00008,true
1774542825765,68935.7,0.00008,true
1774542825765,68935.7,0.00008,true
1774542825765,68935.66,0.00008,true
1774542825765,68935.65,0.00729,true
1774542825765,68935.65,0.00008,true
1774542825765,68935.65,0.00008,true
1774542825765,68935.65,0.00729,true
1774542825765,68935.65,0.00729,true
1774542825765,68935.65,0.00729,true
1774542825765,68935.65,0.00729,true
1774542825765,68935.65,0.00729,true
1774542825765,68935.65,0.00729,true
1774542825765,68935.65,0.00093,true
1774542825765,68935.54,0.00008,true
1774542825765,68933.9,0.00008,true
1774542825765,68933.41,0.00008,true
1774542825765,68933.4,0.01424,true
1774542825765,68933.4,0.00008,true
1774542825765,68933.4,0.00008,true
1774542825765,68933.4,0.00008,true
1774542825765,68933.4,0.00008,true
1774542825778,68932.7,0.00008,true
1774542825778,68932.7,0.00008,true
1774542825778,68932.7,0.00008,true
1774542825778,68932.7,0.00008,true
1774542825778,68932.7,0.00008,true
1774542825778,68932.7,0.00007,true
1774542825783,68932.71,0.0145,false
1774542825905,68932.7,0.00008,true
1774542825905,68932.7,0.00008,true
1774542825905,68932.7,0.00008,true
1774542825905,68932.7,0.00008,true
1774542825905,68932.7,0.00008,true
1774542825905,68932.7,0.00015,true
1774542825905,68932.7,0.00008,true
1774542825905,68932.7,0.00008,true
1774542825905,68932.7,0.00008,true
1774542825905,68932.7,0.00008,true
1774542825905,68932.7,0.00008,true
1774542825905,68932.7,0.00008,true
1774542825905,68932.7,0.00008,true
1774542825905,68932.7,0.00008,true
1774542825905,68932.7,0.00008,true
1774542825905,68932.7,0.00015,true
1774542825905,68932.7,0.00008,true
1774542825905,68932.7,0.00008,true
1774542825905,68932.7,0.00015,true
1774542825905,68932.7,0.00015,true
1774542825905,68932.7,0.00008,true
1774542825905,68932.7,0.00008,true
1774542825905,68932.7,0.00008,true
1774542825905,68932.7,0.00008,true
1774542825905,68932.7,0.00008,true
1774542825905,68932.7,0.00008,true
1774542825905,68932.69,0.00008,true
1774542825905,68932.69,0.00008,true
1774542825905,68932.69,0.00008,true
1774542825905,68932.69,0.00008,true
1774542825905,68932.69,0.00008,true
1774542825905,68932.69,0.00008,true
1774542825905,68932.69,0.00008,true
1774542825905,68932.69,0.00008,true
1774542825905,68932.69,0.00008,true
1774542825905,68932.61,0.00008,true
1774542825905,68932,0.00008,true
1774542825905,68932,0.00008,true
1774542825905,68932,0.00008,true
1774542826212,68931.99,0.00008,true
1774542826212,68931.99,0.00013,true
1774542826275,68932,0.00046,false
1774542826354,68932,0.00018,false
1774542826473,68931.99,0.00047,true
1774542826702,68931.99,0.00008,true
1774542826702,68931.99,0.00028,true
1774542826702,68931.99,0.00008,true
1774542826702,68931.99,0.00008,true
1774542826702,68931.99,0.00008,true
1774542826702,68931.99,0.00008,true
1774542826702,68931.99,0.00008,true
1774542826702,68931.99,0.00008,true
1774542826702,68931.99,0.00008,true
1774542826702,68931.99,0.00008,true
1774542826702,68931.99,0.00008,true
1774542826702,68931.99,0.00008,true
1774542826702,68931.99,0.00008,true
1774542826702,68931.99,0.00008,true
1774542826702,68931.99,0.00008,true
1774542826702,68931.99,0.00015,true
1774542826702,68931.99,0.00008,true
1774542826702,68931.99,0.00008,true
1774542826702,68931.99,0.00008,true
1774542826702,68931.99,0.00008,true
1774542826702,68931.99,0.00008,true
1774542826702,68931.99,0.00008,true
1774542826702,68931.99,0.00008,true
1774542826702,68931.99,0.00008,true
1774542826702,68931.99,0.00008,true
1774542826702,68931.99,0.00008,true
1774542826702,68931.99,0.00015,true
1774542826702,68931.99,0.00008,true
1774542826702,68931.99,0.00008,true
1774542826702,68931.99,0.0089,true
1774542826705,68931.99,0.00008,true
1774542826705,68931.99,0.00008,true
1774542826705,68931.99,0.00008,true
1774542826705,68931.99,0.00008,true
1774542826705,68931.99,0.00008,true
1774542826705,68931.99,0.00008,true
1774542826705,68931.99,0.00008,true
1774542826705,68931.99,0.00008,true
1774542826705,68931.99,0.00008,true
1774542826705,68931.99,0.00008,true
1774542826705,68931.99,0.00008,true
1774542826705,68931.99,0.00008,true
1774542826705,68931.99,0.00008,true
1774542826705,68931.99,0.00008,true
1774542826705,68931.99,0.00008,true
1774542826705,68931.99,0.00008,true
1774542826705,68931.99,0.00008,true
1774542826705,68931.99,0.00008,true
1774542826705,68931.99,0.00008,true
1774542826705,68931.99,0.00008,true
1774542826705,68931.99,0.00008,true
1774542826705,68931.99,0.00008,true
1774542826705,68931.99,0.00008,true
1774542826705,68931.99,0.00008,true
1774542826705,68931.99,0.00008,true
1774542826705,68931.99,0.00008,true
1774542826705,68931.99,0.00008,true
1774542826705,68931.99,0.00008,true
1774542826705,68931.99,0.00015,true
1774542826705,68931.99,0.00008,true
1774542826705,68931.99,0.00008,true
1774542826705,68931.99,0.00008,true
1774542826705,68931.99,0.00008,true
1774542826705,68931.99,0.00008,true
1774542826705,68931.99,0.00008,true
1774542826705,68931.99,0.00008,true
1774542826705,68931.99,0.00008,true
1774542826705,68931.99,0.00008,true
1774542826705,68931.99,0.00008,true
1774542826705,68931.99,0.00008,true
1774542826705,68931.99,0.00008,true
1774542826705,68931.99,0.00008,true
1774542826705,68931.99,0.00008,true
1774542826705,68931.99,0.00005,true
1774542826829,68931.99,0.00003,true
1774542826829,68931.99,0.00008,true
1774542826829,68931.99,0.00008,true
1774542826829,68931.99,0.00008,true
1774542826829,68931.99,0.00008,true
1774542826829,68931.99,0.00008,true
1774542826829,68931.99,0.00008,true
1774542826829,68931.99,0.00008,true
1774542826829,68931.99,0.00008,true
1774542826829,68931.99,0.00008,true
1774542826829,68931.99,0.00008,true
1774542826829,68931.99,0.00008,true
1774542826829,68931.99,0.00008,true
1774542826829,68931.99,0.00008,true
1774542826829,68931.99,0.00015,true
1774542826829,68931.99,0.00008,true
1774542826829,68931.99,0.00008,true
1774542826829,68931.99,0.00008,true
1774542826829,68931.99,0.00008,true
1774542826829,68931.99,0.00008,true
1774542826829,68931.99,0.00008,true
1774542826829,68931.99,0.26145,true
1774542826830,68931.99,0.19992,true
1774542826830,68931.99,0.03863,true
1774542826830,68931.99,0.00015,true
1774542826830,68931.99,0.00008,true
1774542826830,68931.99,0.00008,true
1774542826830,68931.99,0.00008,true
1774542826830,68931.99,0.00008,true
1774542826830,68931.99,0.00008,true
1774542826830,68931.98,0.00008,true
1774542826830,68931.98,0.00008,true
1774542826830,68931.98,0.00008,true
1774542826830,68931.98,0.00008,true
1774542826830,68931.98,0.00008,true
1774542826830,68931.98,0.00008,true
1774542826830,68931.98,0.00008,true
1774542826830,68931.98,0.00008,true
1774542826830,68931.98,0.00008,true
1774542826830,68931.98,0.00008,true
1774542826830,68931.98,0.00008,true
1774542826831,68931.55,0.00008,true
1774542826831,68931.55,0.00008,true
1774542826831,68931.55,0.00008,true
1774542826831,68931.55,0.00008,true
1774542826831,68931.55,0.00008,true
1774542826831,68931.55,0.00008,true
1774542826831,68931.55,0.00008,true
1774542826831,68931.55,0.00008,true
1774542826831,68931.55,0.00008,true
1774542826831,68931.55,0.00008,true
1774542826831,68931.55,0.00008,true
1774542826831,68931.55,0.00008,true
1774542826831,68931.55,0.00015,true
1774542826831,68931.55,0.00008,true
1774542826831,68931.55,0.00008,true
1774542826831,68931.55,0.00008,true
1774542826831,68931.55,0.00008,true
1774542826831,68931.55,0.00008,true
1774542826831,68931.55,0.00008,true
1774542826831,68931.54,0.00008,true
1774542826831,68931.54,0.00008,true
1774542826831,68931.54,0.00008,true
1774542826831,68931.54,0.00008,true
1774542826831,68931.54,0.00008,true
1774542826843,68931.53,0.00008,true
1774542826843,68931.53,0.00008,true
1774542826843,68931.53,0.00008,true
1774542826843,68931.53,0.00008,true
1774542826843,68931.53,0.00008,true
1774542826843,68931.53,0.00008,true
1774542826843,68931.53,0.00008,true
1774542826843,68931.53,0.00008,true
1774542826843,68931.53,0.00015,true
1774542826843,68931.53,0.00008,true
1774542826843,68931.53,0.00008,true
1774542826843,68931.53,0.00008,true
1774542826843,68931.53,0.00008,true
1774542826843,68931.53,0.00008,true
1774542826843,68931.53,0.00008,true
1774542826843,68931.53,0.00008,true
1774542826843,68931.53,0.00008,true
1774542826843,68931.53,0.00008,true
1774542826843,68931.53,0.00008,true
1774542826843,68931.53,0.00008,true
1774542826843,68931.53,0.00008,true
1774542826843,68931.53,0.00008,true
1774542826843,68931.53,0.00008,true
1774542826843,68931.53,0.00008,true
1774542826843,68931.53,0.00008,true
1774542826843,68931.53,0.00008,true
1774542826843,68931.53,0.00008,true
1774542826843,68931.53,0.00008,true
1774542826843,68931.53,0.00008,true
1774542826843,68931.53,0.5,true
1774542826843,68931.53,0.00008,true
1774542826843,68931.52,0.00008,true
1774542826843,68931.52,0.00008,true
1774542826843,68931.52,0.00008,true
1774542826843,68931.52,0.00008,true
1774542826843,68931.52,0.00008,true
1774542826843,68931.52,0.00008,true
1774542826843,68931.52,0.00008,true
1774542826843,68931.52,0.00006,true
1774542826843,68931.52,0.00002,true
1774542826843,68931.52,0.00008,true
1774542826843,68931.41,0.00008,true
1774542826843,68931.26,0.00054,true
1774542826843,68931.25,0.00008,true
1774542826843,68931.25,0.00008,true
1774542826843,68931.08,0.00008,true
1774542826843,68931.08,0.00008,true
1774542826843,68931.08,0.00008,true
1774542826843,68931.08,0.00008,true
1774542826843,68931.08,0.00008,true
1774542826843,68931.05,0.00008,true
1774542826843,68931.04,0.00008,true
1774542826843,68931.04,0.09814,true
1774542826843,68931.04,0.00008,true
1774542826843,68931.04,0.00008,true
1774542826843,68931.04,0.00008,true
1774542826843,68931.04,0.00008,true
1774542826843,68931.04,0.00008,true
1774542826843,68931.04,0.00008,true
1774542826843,68931.04,0.00008,true
1774542826864,68930.88,0.003,true
1774542826864,68930.88,0.00008,true
1774542826864,68930.88,0.00008,true
1774542826864,68930.88,0.00008,true
1774542826864,68930.88,0.00008,true
1774542826864,68930.88,0.00008,true
1774542826864,68930.88,0.00008,true
1774542826864,68930.88,0.00008,true
1774542826864,68930.88,0.00008,true
1774542826864,68930.88,0.00008,true
1774542826864,68930.88,0.00008,true
1774542826864,68930.88,0.00015,true
1774542826864,68930.88,0.00008,true
1774542826864,68930.88,0.00008,true
1774542826864,68930.88,0.00008,true
1774542826864,68930.88,0.00008,true
1774542826864,68930.88,0.00008,true
1774542826864,68930.88,0.00008,true
1774542826864,68930.88,0.00008,true
1774542826864,68930.88,0.00008,true
1774542826864,68930.88,0.00008,true
1774542826864,68930.88,0.00008,true
1774542826864,68930.88,0.00008,true
1774542826864,68930.88,0.21188,true
1774542826864,68930.88,0.00008,true
1774542826864,68930.88,0.00008,true
1774542826864,68930.88,0.00015,true
1774542826864,68930.88,0.00008,true
1774542826866,68930.88,0.00008,true
1774542826866,68930.88,0.00008,true
1774542826866,68930.88,0.00008,true
1774542826866,68930.88,0.00008,true
1774542826866,68930.88,0.00008,true
1774542826866,68930.88,0.00008,true
1774542826866,68930.88,0.00008,true
1774542826866,68930.88,0.00008,true
1774542826917,68930.87,0.00008,true
1774542826917,68930.87,0.00008,true
1774542826917,68930.87,0.00008,true
1774542826917,68930.87,0.00008,true
1774542826917,68930.87,0.00008,true
1774542826917,68930.87,0.00008,true
1774542826917,68930.87,0.00008,true
1774542826917,68930.87,0.00008,true
1774542826917,68930.87,0.00008,true
1774542826917,68930.87,0.00008,true
1774542826917,68930.87,0.00008,true
1774542826917,68930.87,0.00008,true
1774542826917,68930.87,0.00015,true
1774542826917,68930.87,0.00008,true
1774542826917,68930.87,0.00008,true
1774542826917,68930.87,0.00008,true
1774542826917,68930.87,0.00008,true
1774542826917,68930.87,0.00008,true
1774542826917,68930.87,0.00008,true
1774542826917,68930.87,0.00008,true
1774542826917,68930.87,0.00008,true
1774542826917,68930.87,0.00008,true
1774542826917,68930.87,0.00008,true
1774542826917,68930.87,0.00008,true
1774542826917,68930.87,0.00008,true
1774542826917,68930.87,0.00008,true
1774542826917,68930.86,0.00008,true
1774542826917,68930.86,0.00008,true
1774542826917,68930.86,0.00008,true
1774542826917,68930.86,0.00008,true
1774542826917,68930.86,0.00008,true
1774542826917,68930.86,0.00008,true
1774542826917,68930.86,0.00008,true
1774542826917,68930.86,0.00008,true
1774542826917,68930.86,0.00008,true
1774542826917,68930.65,0.00008,true
1774542826917,68930.64,0.00008,true
1774542826917,68930.64,0.00008,true
1774542826917,68930.64,0.00008,true
1774542826917,68930.64,0.00008,true
1774542826917,68930.64,0.00008,true
1774542826917,68930.64,0.00008,true
1774542826917,68930.64,0.00008,true
1774542826917,68930.35,0.00008,true
1774542826917,68930.34,0.00008,true
1774542826917,68930.34,0.00008,true
1774542826917,68930.11,0.00008,true
1774542826917,68930.11,0.00008,true
1774542826917,68930.11,0.00008,true
1774542826917,68930.11,0.00008,true
1774542826917,68930.11,0.00008,true
1774542826917,68930.03,0.00008,true
1774542826917,68930,0.00008,true
1774542826917,68930,0.00008,true
1774542826917,68928.42,0.00008,true
1774542826917,68928.41,0.00008,true
1774542826917,68928.41,0.00008,true
1774542826917,68928.08,0.00008,true
1774542826917,68928.08,0.00008,true
1774542826969,68928.07,0.00729,true
1774542826969,68928.07,0.00008,true
1774542826969,68928.07,0.00008,true
1774542826969,68928.07,0.00008,true
1774542826969,68928.07,0.00015,true
1774542826969,68928.07,0.00008,true
1774542826969,68928.07,0.00008,true
1774542826969,68928.07,0.00008,true
1774542826969,68928.07,0.00008,true
1774542826969,68928.07,0.00008,true
1774542826969,68928.07,0.00008,true
1774542826969,68928.07,0.00008,true
1774542826969,68928.07,0.00008,true
1774542826969,68928.07,0.00008,true
1774542826969,68928.07,0.00008,true
1774542826969,68928.07,0.00008,true
1774542826969,68928.07,0.00008,true
1774542826969,68928.07,0.00008,true
1774542826969,68928.07,0.00008,true
1774542826969,68928.07,0.00008,true
1774542826969,68928.07,0.00008,true
1774542826969,68928.07,0.00008,true
1774542826969,68928.07,0.00729,true
1774542826969,68928.07,0.00008,true
1774542826969,68928.07,0.00008,true
1774542826969,68928.07,0.00008,true
1774542826969,68928.07,0.00729,true
1774542826969,68928.07,0.00274,true
1774542826969,68928.06,0.00008,true
1774542826969,68928.06,0.00008,true
1774542826969,68928.06,0.00008,true
1774542826969,68928.06,0.00008,true
1774542826969,68928.06,0.00008,true
1774542826969,68928.06,0.00008,true
1774542826969,68928.06,0.00008,true
1774542826969,68928.06,0.00008,true
1774542826969,68927.75,0.00091,true
1774542826969,68927.11,0.00015,true
1774542826969,68926.8,0.00008,true
1774542827007,68926.79,0.00016,true
1774542827213,68926.8,0.00015,false
1774542827530,68926.8,0.00017,false
1774542827808,68926.8,0.00514,false
1774542827812,68926.8,0.02553,false
1774542827933,68926.8,0.00017,false
1774542828238,68926.8,0.00015,false
1774542828487,68926.79,0.00203,true
1774542828487,68926.79,0.00015,true
1774542828487,68926.79,0.00008,true
1774542828487,68926.79,0.00005,true
1774542828834,68926.8,0.00015,false
1774542829159,68926.8,0.00013,false
1774542829378,68926.79,0.00003,true
1774542829378,68926.79,0.00013,true
1774542829494,68926.79,0.0002,true
1774542829558,68926.8,0.00015,false
1774542829615,68926.79,0.00077,true
1774542829785,68926.8,0.00017,false
1774542829927,68926.8,0.00016,false
1774542830516,68926.79,0.1222,true
1774542830516,68926.79,0.02294,true
1774542830792,68926.8,0.00008,false
1774542831283,68926.79,0.00385,true
1774542831415,68926.8,0.01015,false
1774542831530,68926.79,0.00011,true
1774542831780,68926.8,0.012,false
1774542832225,68926.79,0.00004,true
1774542832225,68926.79,0.00008,true
1774542832225,68926.79,0.00008,true
1774542832225,68926.79,0.01,true
1774542832225,68926.79,0.00521,true
1774542832225,68926.79,0.00008,true
1774542832225,68926.79,0.00026,true
1774542832225,68926.79,0.00015,true
1774542832225,68926.79,0.00015,true
1774542832225,68926.79,0.00015,true
1774542832225,68926.79,0.00344,true
1774542832225,68926.79,0.00015,true
1774542832225,68926.79,0.00015,true
1774542832225,68926.79,0.00015,true
1774542832225,68926.79,0.00015,true
1774542832225,68926.79,0.00015,true
1774542832225,68926.79,0.00731,true
1774542832225,68926.79,0.00047,true
1774542832225,68926.79,0.06451,true
1774542832225,68926.79,0.18251,true
1774542832376,68926.79,0.00015,true
1774542832376,68926.79,0.00008,true
1774542832376,68926.79,0.00008,true
1774542832376,68926.79,0.00008,true
1774542832376,68926.79,0.00008,true
1774542832376,68926.79,0.00008,true
1774542832376,68926.79,0.00008,true
1774542832376,68926.79,0.00008,true
1774542832376,68926.79,0.00008,true
1774542832376,68926.79,0.00004,true
1774542832859,68926.8,0.0004,false
1774542833265,68926.8,0.00016,false
1774542833294,68926.8,0.00145,false
1774542834050,68926.8,0.00362,false
1774542834234,68926.8,0.00861,false
1774542834382,68926.79,0.00008,true
1774542834382,68926.79,0.00008,true
1774542834382,68926.79,0.00008,true
1774542834382,68926.79,0.00008,true
1774542834382,68926.79,0.00041,true
1774542834575,68926.8,0.01649,false
1774542834717,68926.79,0.00118,true
1774542834717,68926.79,0.00008,true
1774542834717,68926.79,0.00008,true
1774542834717,68926.79,0.00008,true
1774542834717,68926.79,0.00092,true
1774542834859,68926.79,0.00081,true
1774542835559,68926.79,0.00558,true
1774542835559,68926.79,0.35873,true
1774542835559,68926.79,0.14127,true
1774542835559,68926.79,0.00008,true
1774542835559,68926.79,0.00008,true
1774542835559,68926.79,0.00008,true
1774542835559,68926.79,0.00008,true
1774542835559,68926.79,0.00015,true
1774542835559,68926.79,0.00008,true
1774542835559,68926.79,0.00008,true
1774542835559,68926.79,0.00008,true
1774542835559,68926.79,0.01,true
1774542835559,68926.79,0.00008,true
1774542835559,68926.79,0.00008,true
1774542835559,68926.79,0.00008,true
1774542835559,68926.79,0.06113,true
1774542835559,68926.79,0.00008,true
1774542835559,68926.79,0.00008,true
1774542835559,68926.79,0.00008,true
1774542835559,68926.79,0.00008,true
1774542835559,68926.79,0.00069,true
1774542835559,68926.79,0.00008,true
1774542835559,68926.79,0.00008,true
1774542835559,68926.79,0.00008,true
1774542835559,68926.79,0.00008,true
1774542835559,68926.79,0.00008,true
1774542835559,68926.79,0.00008,true
1774542835559,68926.79,0.00008,true
1774542835559,68926.79,0.00731,true
1774542835559,68926.79,0.00008,true
1774542835559,68926.79,0.00008,true
1774542835559,68926.79,0.00008,true
1774542835559,68926.79,0.00731,true
1774542835559,68926.79,0.00008,true
1774542835559,68926.79,0.00008,true
1774542835559,68926.79,0.00008,true
1774542835559,68926.79,0.00731,true
1774542835559,68926.79,0.00008,true
1774542835559,68926.79,0.00008,true
1774542835559,68926.79,0.00731,true
1774542835559,68926.79,0.00731,true
1774542835559,68926.79,0.00731,true
1774542835559,68926.79,0.00731,true
1774542835559,68926.79,0.00731,true
1774542835559,68926.79,0.00731,true
1774542835559,68926.79,0.00731,true
1774542835559,68926.79,0.00731,true
1774542835559,68926.79,0.00731,true
1774542835559,68926.79,0.0003,true
1774542835559,68926.78,0.00008,true
1774542835559,68926.78,0.00008,true
1774542835559,68926.78,0.00008,true
1774542835559,68926.78,0.00008,true
1774542835559,68926.78,0.00008,true
1774542835559,68926.78,0.00008,true
1774542835559,68926.78,0.00008,true
1774542835559,68926.78,0.00008,true
1774542835559,68926.78,0.00008,true
1774542835559,68926.78,0.00731,true
1774542835559,68926.78,0.00008,true
1774542835559,68926.78,0.00008,true
1774542835559,68926.78,0.00008,true
1774542835559,68926.78,0.00008,true
1774542835559,68926.78,0.00731,true
1774542835559,68926.78,0.00686,true
1774542835559,68926.78,0.00045,true
1774542835559,68926.78,0.00731,true
1774542835559,68926.78,0.00731,true
1774542835559,68926.78,0.00731,true
1774542835559,68926.78,0.00003,true
1774542835559,68926.64,0.00008,true
1774542835559,68926.63,0.04857,true
1774542835559,68926.63,0.00008,true
1774542835559,68926.63,0.00008,true
1774542835559,68926.11,0.00008,true
1774542835559,68926.1,0.00726,true
1774542835559,68926.1,0.00008,true
1774542835559,68926.1,0.00008,true
1774542835559,68926.09,0.00008,true
1774542835559,68925.73,0.00235,true
1774542835559,68925.47,0.00028,true
1774542835559,68925.37,0.00056,true
1774542835559,68925.26,0.00008,true
1774542835559,68925.25,0.0006,true
1774542835561,68925.21,0.00008,true
1774542835561,68925.21,0.00008,true
1774542835561,68925.21,0.00008,true
1774542835561,68925.21,0.00008,true
1774542835561,68925.21,0.00008,true
1774542835561,68925.21,0.00008,true
1774542835561,68925.21,0.00008,true
1774542835561,68925.21,0.00008,true
1774542835561,68925.21,0.00008,true
1774542835561,68925.21,0.00008,true
1774542835561,68924.88,0.00008,true
1774542835574,68924.8,0.00088,true
1774542835574,68924.8,0.00008,true
1774542835574,68924.8,0.00004,true
1774542835576,68924.8,0.00004,true
1774542835576,68924.8,0.00008,true
1774542835576,68924.8,0.00008,true
1774542835576,68924.8,0.00008,true
1774542835576,68924.8,0.00008,true
1774542835576,68924.8,0.00008,true
1774542835576,68924.8,0.00008,true
1774542835576,68924.8,0.00008,true
1774542835576,68924.8,0.00008,true
1774542835576,68924.8,0.00008,true
1774542835576,68924.8,0.00008,true
1774542835576,68924.8,0.00008,true
1774542835576,68924.8,0.00008,true
1774542835576,68924.8,0.00008,true
1774542835576,68924.8,0.00008,true
1774542835576,68924.8,0.00015,true
1774542835576,68924.8,0.00008,true
1774542835576,68924.8,0.00008,true
1774542835576,68924.8,0.00008,true
1774542835576,68924.8,0.00151,true
1774542835576,68924.8,0.00008,true
1774542835576,68924.8,0.00008,true
1774542835576,68924.8,0.02343,true
1774542835576,68924.8,0.00008,true
1774542835576,68924.8,0.00008,true
1774542835576,68924.79,0.00008,true
1774542835576,68924.79,0.00008,true
1774542835576,68924.79,0.00008,true
1774542835576,68924.79,0.00008,true
1774542835576,68924.79,0.00008,true
1774542835576,68924.79,0.00008,true
1774542835576,68924.79,0.00008,true
1774542835576,68924.79,0.00008,true
1774542835576,68924.79,0.00008,true
1774542835576,68924.61,0.00008,true
1774542835576,68923.25,0.00008,true
1774542835576,68923.16,0.00008,true
1774542835576,68923.16,0.00008,true
1774542835576,68922.66,0.00008,true
1774542835576,68922.65,0.00008,true
1774542835576,68922.65,0.00008,true
1774542835576,68922.27,0.003,true
1774542835576,68922.19,0.00008,true
1774542835576,68922.18,0.00008,true
1774542835576,68922.18,0.00008,true
1774542835579,68921.92,0.0047,true
1774542835583,68921.92,0.00001,true
1774542835583,68921.92,0.00008,true
1774542835583,68921.92,0.00008,true
1774542835583,68921.92,0.00008,true
1774542835583,68921.92,0.00008,true
1774542835583,68921.92,0.00008,true
1774542835583,68921.92,0.00008,true
1774542835583,68921.92,0.00008,true
1774542835583,68921.92,0.00008,true
1774542835583,68921.92,0.00008,true
1774542835583,68921.92,0.00008,true
1774542835583,68921.92,0.00008,true
1774542835583,68921.92,0.00008,true
1774542835583,68921.92,0.00008,true
1774542835583,68921.92,0.00008,true
1774542835583,68921.92,0.00008,true
1774542835583,68921.92,0.00008,true
1774542835583,68921.92,0.00008,true
1774542835583,68921.92,0.00015,true
1774542835583,68921.92,0.00008,true
1774542835583,68921.92,0.00008,true
1774542835583,68921.92,0.00008,true
1774542835583,68921.92,0.00008,true
1774542835583,68921.92,0.00921,true
1774542835592,68921.92,0.0009,true
1774542835600,68921.92,0.005,true
1774542835631,68921.92,0.01209,true
1774542835631,68921.92,0.00008,true
1774542835631,68921.92,0.00008,true
1774542835631,68921.92,0.00008,true
1774542835631,68921.92,0.00008,true
1774542835631,68921.92,0.00008,true
1774542835631,68921.92,0.00008,true
1774542835631,68921.92,0.00008,true
1774542835631,68921.92,0.00008,true
1774542835631,68921.92,0.00008,true
1774542835631,68921.92,0.00008,true
1774542835631,68921.92,0.00008,true
1774542835631,68921.92,0.00008,true
1774542835631,68921.92,0.00008,true
1774542835631,68921.92,0.00008,true
1774542835631,68921.92,0.00008,true
1774542835631,68921.92,0.00008,true
1774542835631,68921.92,0.00015,true
1774542835631,68921.92,0.00008,true
1774542835631,68921.92,0.00008,true
1774542835631,68921.92,0.00008,true
1774542835631,68921.92,0.00008,true
1774542835631,68921.92,0.00008,true
1774542835631,68921.92,0.00008,true
1774542835631,68921.92,0.00008,true
1774542835631,68921.92,0.00008,true
1774542835631,68921.92,0.00008,true
1774542835631,68921.91,0.00008,true
1774542835631,68921.91,0.00008,true
1774542835631,68921.91,0.00008,true
1774542835631,68921.91,0.00008,true
1774542835631,68921.91,0.00008,true
1774542835631,68921.91,0.00008,true
1774542835631,68921.91,0.00008,true
1774542835631,68921.91,0.00008,true
1774542835633,68921.91,0.00008,true
1774542835633,68921.14,0.00008,true
1774542835633,68921.14,0.00008,true
1774542835633,68921.14,0.00008,true
1774542835633,68921.14,0.00008,true
1774542835643,68920.49,0.00008,true
1774542835643,68920.49,0.00008,true
1774542835643,68920.49,0.00008,true
1774542835643,68920.49,0.00008,true
1774542835643,68920.49,0.00008,true
1774542835643,68920.49,0.00008,true
1774542835643,68920.49,0.00008,true
1774542835643,68920.49,0.00008,true
1774542835643,68920.49,0.00015,true
1774542835643,68920.49,0.00008,true
1774542835643,68920.49,0.00008,true
1774542835643,68920.49,0.00008,true
1774542835643,68920.49,0.00008,true
1774542835643,68920.49,0.00008,true
1774542835643,68920.49,0.00008,true
1774542835643,68920.49,0.00008,true
1774542835643,68920.49,0.00008,true
1774542835643,68920.49,0.00008,true
1774542835643,68920.49,0.00008,true
1774542835643,68920.49,0.00008,true
1774542835643,68920.49,0.00008,true
1774542835643,68920.48,0.00008,true
1774542835643,68920.48,0.00008,true
1774542835643,68920.48,0.00006,true
1774542835662,68920.48,0.00002,true
1774542835662,68920.48,0.00008,true
1774542835662,68920.48,0.00008,true
1774542835662,68920.48,0.00008,true
1774542835662,68920.48,0.00008,true
1774542835662,68920.48,0.00008,true
1774542835662,68920.48,0.00008,true
1774542835662,68920.48,0.00008,true
1774542835662,68920.48,0.00008,true
1774542835662,68920.48,0.00008,true
1774542835662,68920.48,0.00008,true
1774542835662,68920.48,0.00008,true
1774542835662,68920.48,0.00008,true
1774542835662,68920.48,0.00008,true
1774542835662,68920.48,0.00008,true
1774542835662,68920.48,0.00015,true
1774542835662,68920.48,0.00008,true
1774542835662,68920.48,0.00008,true
1774542835662,68920.48,0.00008,true
1774542835662,68920.48,0.00008,true
1774542835662,68920.48,0.00008,true
1774542835662,68920.48,0.00008,true
1774542835662,68920.48,0.00008,true
1774542835662,68920.48,0.00008,true
1774542835662,68920.48,0.2241,true
1774542835662,68920.48,0.00015,true
1774542835662,68920.48,0.00008,true
1774542835662,68920.48,0.00008,true
1774542835662,68920.48,0.0632,true
1774542835662,68920.48,0.06233,true
1774542835662,68920.48,0.00008,true
1774542835662,68920.47,0.00008,true
1774542835662,68920.47,0.00008,true
1774542835662,68920.47,0.00008,true
1774542835662,68920.47,0.00008,true
1774542835662,68920.47,0.00008,true
1774542835662,68920.47,0.00008,true
1774542835662,68920.47,0.00008,true
1774542835662,68920.47,0.00008,true
1774542835662,68920.47,0.00008,true
1774542835662,68920.41,0.00008,true
1774542835662,68920.41,0.00008,true
1774542835662,68920.41,0.00008,true
1774542835662,68920.41,0.00008,true
1774542835662,68920.41,0.00008,true
1774542835662,68920.41,0.00008,true
1774542835662,68919.91,0.00008,true
1774542835662,68919.77,0.00353,true
1774542835662,68919.7,0.00008,true
1774542835662,68919.66,0.00008,true
1774542835662,68919.13,0.00008,true
1774542835662,68919.13,0.00008,true
1774542835662,68919.04,0.00008,true
1774542835662,68919.03,0.012,true
1774542835662,68919.03,0.017,true
1774542835662,68919.03,0.017,true
1774542835662,68919.03,0.012,true
1774542835662,68919.03,0.00008,true
1774542835662,68919.03,0.00008,true
1774542835662,68919.03,0.00008,true
1774542835662,68919.03,0.00008,true
1774542835717,68918.46,0.00008,true
1774542835717,68918.46,0.00008,true
1774542835717,68918.46,0.00008,true
1774542835717,68918.46,0.00008,true
1774542835717,68918.46,0.00008,true
1774542835717,68918.46,0.00008,true
1774542835717,68918.46,0.00008,true
1774542835717,68918.46,0.00008,true
1774542835717,68918.46,0.00008,true
1774542835717,68918.46,0.10105,true
1774542835717,68918.46,0.00008,true
1774542835717,68918.46,0.00008,true
1774542835717,68918.46,0.00015,true
1774542835717,68918.46,0.00008,true
1774542835717,68918.46,0.043,true
1774542835766,68918.47,0.00015,false
1774542835852,68918.46,0.00008,true
1774542835852,68918.46,0.00008,true
1774542835866,68918.47,0.00014,false
1774542836185,68918.46,0.00008,true
1774542836185,68918.46,0.00008,true
1774542836185,68918.46,0.00015,true
1774542836185,68918.46,0.00015,true
1774542836185,68918.46,0.00008,true
1774542836185,68918.46,0.00751,true
1774542836185,68918.46,0.00008,true
1774542836185,68918.46,0.00008,true
1774542836185,68918.46,0.00008,true
1774542836185,68918.46,0.00008,true
1774542836185,68918.46,0.00008,true
1774542836185,68918.46,0.00008,true
1774542836185,68918.46,0.00008,true
1774542836185,68918.46,0.00008,true
1774542836185,68918.46,0.00008,true
1774542836185,68918.46,0.00008,true
1774542836185,68918.46,0.00008,true
1774542836185,68918.46,0.00008,true
1774542836185,68918.46,0.00008,true
1774542836185,68918.46,0.00008,true
1774542836185,68918.46,0.00008,true
1774542836185,68918.46,0.00008,true
1774542836185,68918.46,0.00008,true
1774542836185,68918.46,0.00008,true
1774542836185,68918.46,0.00008,true
1774542836185,68918.46,0.00008,true
1774542836185,68918.45,0.00008,true
1774542836185,68918.45,0.00008,true
1774542836185,68918.45,0.00008,true
1774542836185,68918.45,0.00008,true
1774542836185,68918.45,0.00008,true
1774542836185,68918.45,0.00008,true
1774542836185,68918.45,0.00008,true
1774542836185,68918.45,0.00008,true
1774542836185,68918.45,0.00008,true
1774542836185,68918.33,0.00008,true
1774542836185,68918.29,0.00008,true
1774542836569,68918.29,0.05249,false
1774542836828,68918.29,0.00015,false
1774542837150,68918.29,0.06261,false
1774542837970,68918.28,0.00096,true
1774542838121,68918.29,0.00435,false
1774542838144,68918.29,0.01222,false
1774542838159,68918.28,0.00031,true
1774542838575,68918.29,0.00062,false
1774542838928,68918.29,0.04068,false
1774542839124,68918.28,0.00047,true
1774542839318,68918.29,0.00026,false
1774542839570,68918.28,0.00056,true
1774542840316,68918.29,0.00043,false
1774542840738,68918.28,0.093,true
1774542840738,68918.28,0.00008,true
1774542840738,68918.28,0.00008,true
1774542840738,68918.28,0.00015,true
1774542840738,68918.28,0.00008,true
1774542840738,68918.28,0.00008,true
1774542840738,68918.28,0.00008,true
1774542840738,68918.28,0.00015,true
1774542840738,68918.28,0.00015,true
1774542840738,68918.28,0.00015,true
1774542840738,68918.28,0.00015,true
1774542840738,68918.28,0.00008,true
1774542840738,68918.28,0.01,true
1774542840738,68918.28,0.03489,true
1774542840738,68918.28,0.00015,true
1774542840738,68918.28,0.00015,true
1774542840738,68918.28,0.00015,true
1774542840738,68918.28,0.00015,true
1774542840738,68918.28,0.00018,true
1774542840738,68918.28,0.00008,true
1774542840738,68918.28,0.00008,true
1774542840738,68918.28,0.00008,true
1774542840738,68918.28,0.00008,true
1774542840738,68918.28,0.00008,true
1774542840738,68918.28,0.00008,true
1774542840738,68918.28,0.00008,true
1774542840738,68918.28,0.00008,true
1774542840738,68918.28,0.00008,true
1774542840738,68918.28,0.00008,true
1774542840738,68918.28,0.00008,true
1774542840738,68918.28,0.00008,true
1774542840738,68918.28,0.00008,true
1774542840738,68918.28,0.00422,true
1774542840854,68918.28,0.00008,true
1774542840854,68918.28,0.00008,true
1774542840854,68918.28,0.00008,true
1774542840854,68918.28,0.00008,true
1774542840854,68918.28,0.00008,true
1774542840854,68918.28,0.00008,true
1774542840854,68918.28,0.00008,true
1774542840854,68918.28,0.00008,true
1774542840854,68918.28,0.00008,true
1774542840854,68918.28,0.00008,true
1774542840854,68918.28,0.00008,true
1774542840854,68918.28,0.00008,true
1774542840854,68918.28,0.00206,true
1774542840854,68918.28,0.00008,true
1774542840854,68918.28,0.00008,true
1774542840854,68918.28,0.00008,true
1774542840854,68918.28,0.00008,true
1774542840854,68918.28,0.00008,true
1774542840854,68918.28,0.00008,true
1774542840854,68918.28,0.00008,true
1774542840854,68918.28,0.00008,true
1774542840854,68918.28,0.00008,true
1774542840854,68918.28,0.00015,true
1774542840854,68918.28,0.00008,true
1774542840854,68918.28,0.00008,true
1774542840854,68918.28,0.00008,true
1774542840854,68918.28,0.00008,true
1774542840854,68918.28,0.00008,true
1774542840854,68918.28,0.00015,true
1774542840854,68918.28,0.00008,true
1774542840854,68918.28,0.00008,true
1774542840854,68918.28,0.00008,true
1774542840854,68918.27,0.00008,true
1774542840854,68918.27,0.00008,true
1774542840854,68918.27,0.00008,true
1774542840854,68918.27,0.00008,true
1774542840854,68918.27,0.00008,true
1774542840854,68918.27,0.00008,true
1774542840854,68918.27,0.00008,true
1774542840854,68918.27,0.00008,true
1774542840854,68918.27,0.00008,true
1774542840854,68917.67,0.00008,true
1774542840854,68917.14,0.003,true
1774542840854,68917.06,0.00008,true
1774542840854,68917.06,0.00008,true
1774542840854,68916.95,0.00008,true
1774542840854,68916.91,0.00008,true
1774542840854,68916.91,0.00008,true
1774542840854,68916.71,0.00008,true
1774542840897,68916.34,0.00145,true
1774542840897,68916.34,0.00145,true
1774542840897,68916.34,0.2241,true
1774542840897,68916.34,0.0004,true
1774542840897,68916.34,0.00008,true
1774542840897,68916.34,0.00008,true
1774542840897,68916.34,0.00008,true
1774542840897,68916.34,0.00008,true
1774542840897,68916.34,0.00008,true
1774542840897,68916.34,0.00008,true
1774542840897,68916.34,0.00008,true
1774542840897,68916.34,0.00008,true
1774542840897,68916.34,0.00008,true
1774542840897,68916.34,0.00008,true
1774542840897,68916.34,0.00008,true
1774542840897,68916.34,0.00015,true
1774542840897,68916.34,0.00008,true
1774542840897,68916.34,0.00008,true
1774542840897,68916.34,0.00008,true
1774542840897,68916.34,0.00008,true
1774542840897,68916.34,0.00008,true
1774542840897,68916.34,0.00008,true
1774542840897,68916.34,0.00008,true
1774542840897,68916.34,0.00008,true
1774542840897,68916.34,0.00008,true
1774542840897,68916.34,0.00008,true
1774542840897,68916.34,0.00008,true
1774542840897,68916.34,0.00015,true
1774542840897,68916.34,0.00008,true
1774542840897,68916.34,0.00008,true
1774542840897,68916.34,0.00008,true
1774542840897,68916.34,0.00008,true
1774542840897,68916.34,0.05706,true
1774542840897,68916.34,0.00008,true
1774542840897,68916.34,0.00015,true
1774542840899,68916.34,0.00008,true
1774542840899,68916.34,0.00008,true
1774542840899,68916.34,0.00008,true
1774542840899,68916.34,0.00008,true
1774542840899,68916.34,0.00015,true
1774542840899,68916.34,0.00008,true
1774542840899,68916.34,0.00008,true
1774542840899,68916.34,0.00008,true
1774542840899,68916.34,0.00008,true
1774542840899,68916.34,0.00008,true
1774542840899,68916.34,0.00008,true
1774542840899,68916.34,0.00008,true
1774542840915,68916.33,0.00008,true
1774542840915,68916.33,0.00008,true
1774542840915,68916.33,0.00008,true
1774542840915,68916.33,0.00008,true
1774542840915,68916.33,0.00008,true
1774542840915,68916.33,0.00008,true
1774542840915,68916.33,0.00008,true
1774542840915,68916.33,0.00008,true
1774542840915,68916.33,0.00008,true
1774542840915,68916.33,0.00008,true
1774542840915,68916.33,0.00008,true
1774542840915,68916.33,0.00008,true
1774542840915,68916.33,0.00008,true
1774542840915,68916.33,0.00008,true
1774542840915,68916.33,0.00015,true
1774542840915,68916.33,0.00008,true
1774542840915,68916.33,0.00008,true
1774542840915,68916.33,0.00008,true
1774542840915,68916.33,0.00008,true
1774542840915,68916.33,0.00008,true
1774542840915,68916.33,0.00008,true
1774542840915,68916.33,0.00008,true
1774542840915,68916.33,0.00008,true
1774542840915,68916.33,0.00008,true
1774542840915,68916.33,0.00001,true
1774542840923,68916.34,0.00048,false
1774542840943,68916.33,0.00007,true
1774542840943,68916.33,0.00008,true
1774542840943,68916.33,0.00008,true
1774542840943,68916.33,0.00008,true
1774542840943,68916.33,0.00004,true
1774542840950,68916.33,0.00004,true
1774542840950,68916.33,0.00008,true
1774542840950,68916.33,0.00008,true
1774542840950,68916.33,0.00008,true
1774542840950,68916.33,0.00008,true
1774542840950,68916.33,0.00008,true
1774542840950,68916.33,0.00008,true
1774542840950,68916.33,0.00008,true
1774542840950,68916.33,0.00008,true
1774542840950,68916.33,0.00008,true
1774542840950,68916.33,0.00008,true
1774542840950,68916.33,0.00015,true
1774542840950,68916.33,0.00008,true
1774542840950,68916.33,0.00008,true
1774542840950,68916.33,0.00008,true
1774542840950,68916.33,0.00008,true
