timestamp,price,quantity,is_buyer_maker
1774542379569,68955.85,0.0003,false
1774542379574,68955.85,0.00044,false
1774542379574,68955.85,0.00008,false
1774542379574,68955.85,0.00007,false
1774542379617,68955.85,0.00008,false
1774542379617,68955.85,0.00008,false
1774542379617,68955.85,0.00008,false
1774542379617,68955.85,0.00008,false
1774542379617,68955.85,0.00008,false
1774542379617,68955.85,0.00008,false
1774542379617,68955.85,0.00008,false
1774542379617,68955.85,0.00015,false
1774542379617,68955.85,0.00008,false
1774542379617,68955.85,0.00008,false
1774542379617,68955.85,0.00008,false
1774542379617,68955.85,0.00015,false
1774542379617,68955.85,0.00015,false
1774542379617,68955.85,0.00008,false
1774542379617,68955.85,0.00008,false
1774542379617,68955.85,0.00461,false
1774542379617,68955.85,0.00008,false
1774542379617,68955.85,0.00008,false
1774542379617,68955.85,0.00008,false
1774542379617,68955.85,0.00008,false
1774542379617,68955.85,0.00008,false
1774542379617,68955.85,0.00008,false
1774542379617,68955.85,0.00008,false
1774542379617,68955.85,0.00008,false
1774542379617,68955.85,0.00008,false
1774542379617,68955.85,0.00008,false
1774542379617,68955.85,0.00008,false
1774542379617,68955.85,0.00008,false
1774542379617,68955.85,0.00008,false
1774542379617,68955.85,0.00008,false
1774542379617,68955.85,0.00008,false
1774542379617,68955.86,0.00008,false
1774542379617,68955.86,0.00008,false
1774542379617,68955.86,0.00008,false
1774542379617,68955.86,0.00008,false
1774542379617,68955.86,0.00008,false
1774542379617,68955.86,0.00008,false
1774542379617,68956.31,0.00008,false
1774542379617,68956.32,0.00008,false
1774542379617,68956.32,0.00008,false
1774542379617,68956.32,0.00008,false
1774542379617,68956.32,0.00008,false
1774542379617,68956.32,0.00008,false
1774542379617,68956.61,0.00008,false
1774542379694,68956.62,0.00015,false
1774542379694,68956.62,0.00008,false
1774542379694,68956.62,0.00008,false
1774542379694,68956.62,0.00008,false
1774542379694,68956.62,0.00008,false
1774542379694,68956.62,0.00008,false
1774542379694,68956.62,0.00008,false
1774542379694,68956.62,0.00008,false
1774542379694,68956.62,0.00008,false
1774542379694,68956.62,0.00008,false
1774542379694,68956.62,0.00001,false
1774542380012,68956.62,0.00007,false
1774542380012,68956.62,0.00008,false
1774542380012,68956.62,0.00008,false
1774542380012,68956.62,0.00008,false
1774542380012,68956.62,0.00008,false
1774542380012,68956.62,0.00008,false
1774542380012,68956.62,0.00008,false
1774542380012,68956.62,0.00004,false
1774542380063,68956.62,0.00011,false
1774542380063,68956.62,0.00004,false
1774542380075,68956.62,0.00015,false
1774542380186,68956.62,0.00146,false
1774542380246,68956.62,0.00051,false
1774542380269,68956.62,0.00073,false
1774542380518,68956.62,0.00015,false
1774542380687,68956.62,0.04576,false
1774542380687,68956.62,0.03616,false
1774542380717,68956.62,0.00015,false
1774542380759,68956.62,0.00015,false
1774542380794,68956.62,0.00726,false
1774542380852,68956.62,0.00144,false
1774542381023,68956.61,0.00068,true
1774542381783,68956.62,0.00008,false
1774542381783,68956.62,0.007,false
1774542381783,68956.62,0.00008,false
1774542381783,68956.62,0.00008,false
1774542381783,68956.62,0.00008,false
1774542381783,68956.62,0.00008,false
1774542381783,68956.62,0.00008,false
1774542381783,68956.62,0.00008,false
1774542381783,68956.62,0.00008,false
1774542381783,68956.62,0.00008,false
1774542381783,68956.62,0.00015,false
1774542381783,68956.62,0.00015,false
1774542381783,68956.62,0.00008,false
1774542381783,68956.62,0.00008,false
1774542381783,68956.62,0.00008,false
1774542381783,68956.62,0.00008,false
1774542381783,68956.62,0.00008,false
1774542381783,68956.62,0.00008,false
1774542381783,68956.62,0.01,false
1774542381783,68956.62,0.00183,false
1774542381783,68956.62,0.00008,false
1774542381783,68956.62,0.00008,false
1774542381783,68956.62,0.00008,false
1774542381783,68956.62,0.00008,false
1774542381783,68956.62,0.00008,false
1774542381783,68956.62,0.0041,false
1774542381783,68956.62,0.00008,false
1774542381783,68956.62,0.00008,false
1774542381783,68956.62,0.00008,false
1774542381783,68956.62,0.00008,false
1774542381783,68956.62,0.00008,false
1774542381783,68956.62,0.00008,false
1774542381783,68956.62,0.00008,false
1774542381783,68956.62,0.00008,false
1774542381783,68956.62,0.00008,false
1774542381783,68956.62,0.00008,false
1774542381783,68956.62,0.00008,false
1774542381783,68956.62,0.00008,false
1774542381783,68956.63,0.00008,false
1774542381783,68956.63,0.00008,false
1774542381783,68956.63,0.00008,false
1774542381783,68956.63,0.00008,false
1774542381783,68956.63,0.00008,false
1774542381783,68956.63,0.00008,false
1774542381783,68956.63,0.00008,false
1774542381783,68956.63,0.00008,false
1774542381783,68956.63,0.00008,false
1774542381783,68956.64,0.00008,false
1774542381783,68956.65,0.05,false
1774542381783,68956.65,0.00008,false
1774542381783,68956.65,0.00008,false
1774542381783,68956.65,0.00008,false
1774542381783,68956.65,0.00008,false
1774542381783,68956.69,0.00008,false
1774542381783,68956.7,0.04944,false
1774542381783,68956.7,0.00056,false
1774542381783,68956.7,0.00008,false
1774542381783,68956.7,0.00008,false
1774542381783,68956.7,0.00008,false
1774542381783,68956.7,0.00008,false
1774542381783,68956.7,0.00008,false
1774542381783,68956.7,0.00008,false
1774542381785,68957.56,0.00008,false
1774542381785,68957.56,0.00008,false
1774542381785,68957.56,0.00008,false
1774542381785,68957.56,0.00008,false
1774542381785,68957.56,0.00008,false
1774542381785,68957.56,0.00008,false
1774542381785,68957.56,0.00008,false
1774542381785,68957.56,0.00008,false
1774542381785,68957.56,0.00008,false
1774542381785,68957.56,0.00008,false
1774542381785,68957.56,0.00008,false
1774542381785,68957.56,0.00008,false
1774542381785,68957.56,0.00008,false
1774542381785,68957.56,0.00008,false
1774542381785,68957.56,0.00008,false
1774542381785,68957.56,0.00008,false
1774542381837,68957.99,0.00353,false
1774542381837,68957.99,0.00008,false
1774542381837,68957.99,0.00008,false
1774542381837,68957.99,0.00008,false
1774542381837,68957.99,0.00008,false
1774542381837,68957.99,0.00008,false
1774542381837,68957.99,0.00008,false
1774542381837,68957.99,0.00008,false
1774542381837,68957.99,0.00008,false
1774542381837,68957.99,0.00008,false
1774542381837,68957.99,0.00008,false
1774542381837,68957.99,0.00008,false
1774542381837,68957.99,0.00008,false
1774542381837,68957.99,0.00008,false
1774542381837,68957.99,0.00092,false
1774542381837,68957.99,0.00015,false
1774542381837,68957.99,0.00008,false
1774542381837,68957.99,0.00008,false
1774542381837,68957.99,0.00008,false
1774542381837,68957.99,0.00008,false
1774542381837,68957.99,0.00008,false
1774542381837,68957.99,0.00008,false
1774542381837,68957.99,0.00008,false
1774542381837,68957.99,0.00008,false
1774542381837,68957.99,0.00008,false
1774542381837,68958,0.00008,false
1774542381837,68958,0.00008,false
1774542381837,68958,0.00008,false
1774542381837,68958,0.00008,false
1774542381837,68958,0.00008,false
1774542381837,68958,0.00008,false
1774542381837,68958.24,0.00008,false
1774542381837,68958.75,0.00008,false
1774542381837,68959.31,0.00008,false
1774542381837,68959.75,0.00008,false
1774542381837,68959.76,0.00008,false
1774542381837,68959.76,0.00008,false
1774542381837,68959.76,0.00008,false
1774542381837,68959.77,0.00008,false
1774542381837,68959.77,0.00008,false
1774542381837,68959.77,0.00008,false
1774542381837,68959.77,0.00008,false
1774542381837,68959.77,0.00008,false
1774542381837,68960.46,0.00008,false
1774542381889,68960.47,0.00008,false
1774542381889,68960.47,0.00015,false
1774542381889,68960.47,0.00008,false
1774542381889,68960.47,0.00008,false
1774542381889,68960.47,0.00008,false
1774542381889,68960.47,0.00008,false
1774542381889,68960.47,0.00008,false
1774542381889,68960.47,0.00008,false
1774542381889,68960.47,0.00008,false
1774542381889,68960.47,0.00046,false
1774542381889,68960.47,0.00015,false
1774542381889,68960.47,0.00008,false
1774542381889,68960.47,0.00008,false
1774542381889,68960.47,0.00008,false
1774542381889,68960.47,0.00008,false
1774542381889,68960.47,0.00008,false
1774542381889,68960.47,0.00008,false
1774542381889,68960.47,0.00008,false
1774542381889,68960.47,0.00008,false
1774542381889,68960.48,0.00008,false
1774542381889,68960.48,0.00008,false
1774542381889,68960.48,0.00008,false
1774542381889,68960.48,0.00008,false
1774542381889,68960.48,0.00008,false
1774542381889,68960.48,0.00008,false
1774542381889,68960.48,0.00008,false
1774542381889,68960.48,0.00008,false
1774542381889,68960.48,0.00008,false
1774542381889,68961.42,0.00008,false
1774542381889,68962.3,0.00008,false
1774542381889,68962.37,0.00008,false
1774542381889,68962.55,0.00011,false
1774542381889,68962.64,0.00008,false
1774542381889,68962.65,0.00008,false
1774542381889,68962.65,0.00008,false
1774542381889,68962.65,0.00008,false
1774542381889,68962.65,0.00008,false
1774542381889,68962.65,0.00008,false
1774542381889,68962.66,0.00008,false
1774542381889,68962.66,0.00008,false
1774542381889,68962.66,0.00008,false
1774542381889,68962.66,0.00008,false
1774542381889,68962.66,0.00008,false
1774542381889,68962.78,0.00008,false
1774542381889,68963.26,0.00008,false
1774542381889,68963.26,0.00008,false
1774542381889,68963.52,0.00235,false
1774542381889,68964.01,0.00008,false
1774542381889,68964.02,0.00008,false
1774542381889,68964.02,0.00008,false
1774542381889,68964.02,0.00008,false
1774542381889,68964.02,0.00008,false
1774542381889,68964.02,0.00008,false
1774542381889,68964.02,0.00008,false
1774542381889,68964.02,0.00008,false
1774542381889,68964.02,0.00008,false
1774542381889,68964.02,0.00008,false
1774542381889,68964.02,0.00008,false
1774542381889,68964.38,0.003,false
1774542381889,68964.53,0.00008,false
1774542381889,68965.17,0.00008,false
1774542381889,68965.69,0.00008,false
1774542382038,68965.7,0.00008,false
1774542382038,68965.7,0.00007,false
1774542382143,68965.7,0.06412,false
1774542382419,68965.7,0.00145,false
1774542382424,68965.69,0.00086,true
1774542382633,68965.69,0.00064,true
1774542382661,68965.7,0.00018,false
1774542382714,68965.69,0.02751,true
1774542382722,68965.7,0.00043,false
1774542382815,68965.7,0.00008,false
1774542382815,68965.7,0.00015,false
1774542382815,68965.7,0.00008,false
1774542382815,68965.7,0.00008,false
1774542382815,68965.7,0.00008,false
1774542382815,68965.7,0.00008,false
1774542382815,68965.7,0.00008,false
1774542382815,68965.7,0.00008,false
1774542382815,68965.7,0.00008,false
1774542382815,68965.7,0.00008,false
1774542382815,68965.7,0.00008,false
1774542382815,68965.7,0.00015,false
1774542382815,68965.7,0.00008,false
1774542382815,68965.7,0.00008,false
1774542382815,68965.7,0.00008,false
1774542382815,68965.7,0.00008,false
1774542382815,68965.7,0.0063,false
1774542382815,68965.7,0.00008,false
1774542382815,68965.7,0.00008,false
1774542382815,68965.7,0.00008,false
1774542382815,68965.7,0.01,false
1774542382815,68965.7,0.00008,false
1774542382815,68965.7,0.00008,false
1774542382815,68965.7,0.00008,false
1774542382815,68965.7,0.00008,false
1774542382815,68965.7,0.00008,false
1774542382815,68965.7,0.00008,false
1774542382815,68965.7,0.00008,false
1774542382815,68965.7,0.00008,false
1774542382815,68965.7,0.00008,false
1774542382815,68965.7,0.00008,false
1774542382815,68965.7,0.00008,false
1774542382815,68965.7,0.00008,false
1774542382815,68965.7,0.00008,false
1774542382815,68965.7,0.00008,false
1774542382815,68965.7,0.00008,false
1774542382815,68965.7,0.00008,false
1774542382815,68965.7,0.00008,false
1774542382815,68965.7,0.00008,false
1774542382815,68965.7,0.00008,false
1774542382815,68965.7,0.00008,false
1774542382815,68965.7,0.00008,false
1774542382815,68965.71,0.00008,false
1774542382815,68965.71,0.00008,false
1774542382815,68965.71,0.00008,false
1774542382815,68965.71,0.00008,false
1774542382815,68965.71,0.00008,false
1774542382815,68965.71,0.00008,false
1774542382815,68965.71,0.00008,false
1774542382815,68965.71,0.00008,false
1774542382815,68965.71,0.00008,false
1774542382815,68965.71,0.00008,false
1774542382815,68965.71,0.00008,false
1774542382815,68965.85,0.00008,false
1774542382815,68965.9,0.0047,false
1774542382815,68966,0.00353,false
1774542382815,68966.19,0.00088,false
1774542382815,68966.25,0.00008,false
1774542382815,68966.28,0.003,false
1774542382815,68966.64,0.00008,false
1774542382815,68967.08,0.00008,false
1774542382815,68967.09,0.00008,false
1774542382815,68967.09,0.00008,false
1774542382815,68967.09,0.00008,false
1774542382945,68967.1,0.0002,false
1774542382965,68967.09,0.14505,true
1774542383451,68967.1,0.0002,false
1774542383508,68967.1,0.1,false
1774542383817,68967.09,0.00099,true
1774542383830,68967.1,0.0002,false
1774542384107,68967.1,0.00008,false
1774542384107,68967.1,0.00008,false
1774542384107,68967.1,0.00008,false
1774542384107,68967.1,0.00008,false
1774542384107,68967.1,0.00008,false
1774542384107,68967.1,0.00008,false
1774542384107,68967.1,0.00008,false
1774542384107,68967.1,0.00008,false
1774542384107,68967.1,0.00015,false
1774542384107,68967.1,0.00008,false
1774542384107,68967.1,0.00008,false
1774542384107,68967.1,0.00008,false
1774542384107,68967.1,0.00008,false
1774542384107,68967.1,0.00008,false
1774542384107,68967.1,0.00008,false
1774542384107,68967.1,0.00008,false
1774542384107,68967.1,0.00008,false
1774542384107,68967.1,0.00008,false
1774542384107,68967.1,0.00008,false
1774542384107,68967.1,0.00008,false
1774542384107,68967.1,0.00008,false
1774542384107,68967.1,0.00015,false
1774542384107,68967.1,0.00008,false
1774542384107,68967.1,0.01,false
1774542384107,68967.1,0.00008,false
1774542384107,68967.1,0.00008,false
1774542384107,68967.1,0.00008,false
1774542384107,68967.1,0.00008,false
1774542384107,68967.1,0.00008,false
1774542384107,68967.1,0.00008,false
1774542384107,68967.1,0.00008,false
1774542384107,68967.1,0.00008,false
1774542384107,68967.11,0.00008,false
1774542384107,68967.11,0.00008,false
1774542384107,68967.11,0.00008,false
1774542384107,68967.11,0.00008,false
1774542384107,68967.11,0.00008,false
1774542384107,68967.11,0.00008,false
1774542384107,68967.11,0.00008,false
1774542384107,68967.11,0.00008,false
1774542384107,68967.11,0.00008,false
1774542384107,68967.19,0.00008,false
1774542384107,68969.24,0.00008,false
1774542384109,68969.25,0.00008,false
1774542384109,68969.25,0.02093,false
1774542384459,68969.25,0.00008,false
1774542384459,68969.25,0.00008,false
1774542384459,68969.25,0.00004,false
1774542384853,68969.25,0.00004,false
1774542384853,68969.25,0.00008,false
1774542384853,68969.25,0.00008,false
1774542385715,68969.24,0.00078,true
1774542385760,68969.24,0.00674,true
1774542385916,68969.24,0.00329,true
1774542387196,68969.24,0.00105,true
1774542387701,68969.24,0.14505,true
1774542388159,68969.25,0.00011,false
1774542388165,68969.25,0.00004,false
1774542388165,68969.25,0.00008,false
1774542388165,68969.25,0.00008,false
1774542388165,68969.25,0.00015,false
1774542388165,68969.25,0.00015,false
1774542388165,68969.25,0.00008,false
1774542388165,68969.25,0.00391,false
1774542388181,68969.25,0.00609,false
1774542388181,68969.25,0.00008,false
1774542388181,68969.25,0.00069,false
1774542388181,68969.25,0.007,false
1774542388181,68969.25,0.00015,false
1774542388181,68969.25,0.00252,false
1774542388181,68969.25,0.00015,false
1774542388181,68969.25,0.00015,false
1774542388181,68969.25,0.00015,false
1774542388181,68969.25,0.00015,false
1774542388181,68969.25,0.00808,false
1774542388181,68969.25,0.00015,false
1774542388181,68969.25,0.00015,false
1774542388181,68969.25,0.01068,false
1774542388181,68969.25,0.00008,false
1774542388181,68969.25,0.00008,false
1774542388181,68969.25,0.00008,false
1774542388181,68969.25,0.00008,false
1774542388181,68969.25,0.00008,false
1774542388181,68969.25,0.00008,false
1774542388181,68969.25,0.00008,false
1774542388181,68969.25,0.00008,false
1774542388181,68969.25,0.00008,false
1774542388181,68969.25,0.00008,false
1774542388181,68969.25,0.00008,false
1774542388181,68969.25,0.00008,false
1774542388181,68969.25,0.00008,false
1774542388181,68969.25,0.00008,false
1774542388181,68969.25,0.00008,false
1774542388181,68969.25,0.10803,false
1774542388181,68969.25,0.2241,false
1774542388181,68969.25,0.00008,false
1774542388181,68969.25,0.00008,false
1774542388181,68969.25,0.00008,false
1774542388181,68969.25,0.00008,false
1774542388181,68969.25,0.00008,false
1774542388181,68969.25,0.00008,false
1774542388181,68969.25,0.00008,false
1774542388181,68969.25,0.00008,false
1774542388181,68969.25,0.00008,false
1774542388181,68969.25,0.00008,false
1774542388181,68969.25,0.00008,false
1774542388181,68969.25,0.00008,false
1774542388181,68969.26,0.00008,false
1774542388181,68969.26,0.00008,false
1774542388181,68969.26,0.00008,false
1774542388181,68969.26,0.00008,false
1774542388181,68969.26,0.00008,false
1774542388181,68969.26,0.00008,false
1774542388181,68969.26,0.00008,false
1774542388181,68969.26,0.00008,false
1774542388181,68969.4,0.00008,false
1774542388183,68969.72,0.00008,false
1774542388183,68969.72,0.00008,false
1774542388183,68969.72,0.00008,false
1774542388183,68969.72,0.00008,false
1774542388183,68969.72,0.00008,false
1774542388183,68969.72,0.00008,false
1774542388183,68969.72,0.00008,false
1774542388183,68969.72,0.00008,false
1774542388183,68969.72,0.01212,false
1774542388184,68969.72,0.09063,false
1774542388215,68969.72,0.01299,false
1774542388215,68969.72,0.00008,false
1774542388215,68969.72,0.00008,false
1774542388215,68969.72,0.00008,false
1774542388215,68969.72,0.00008,false
1774542388215,68969.72,0.00008,false
1774542388215,68969.72,0.00008,false
1774542388215,68969.72,0.00008,false
1774542388215,68969.72,0.00015,false
1774542388215,68969.72,0.00008,false
1774542388215,68969.72,0.00008,false
1774542388215,68969.72,0.00008,false
1774542388215,68969.72,0.00008,false
1774542388215,68969.72,0.00008,false
1774542388215,68969.72,0.00008,false
1774542388215,68969.72,0.00008,false
1774542388215,68969.72,0.00008,false
1774542388215,68969.72,0.00015,false
1774542388215,68969.72,0.00008,false
1774542388215,68969.72,0.00015,false
1774542388215,68969.72,0.00069,false
1774542388215,68969.72,0.00008,false
1774542388215,68969.72,0.00008,false
1774542388215,68969.72,0.00008,false
1774542388215,68969.72,0.00008,false
1774542388215,68969.73,0.00008,false
1774542388215,68969.73,0.00008,false
1774542388215,68969.73,0.00008,false
1774542388215,68969.73,0.00008,false
1774542388215,68969.73,0.00008,false
1774542388215,68969.73,0.00008,false
1774542388215,68969.73,0.00008,false
1774542388215,68969.73,0.00008,false
1774542388215,68969.73,0.00008,false
1774542388215,68969.95,0.00008,false
1774542388215,68969.95,0.00008,false
1774542388215,68970,0.0004,false
1774542388215,68970.63,0.00008,false
1774542388215,68970.64,0.00008,false
1774542388215,68970.65,0.00008,false
1774542388215,68970.66,0.00008,false
1774542388215,68970.66,0.00008,false
1774542388215,68970.66,0.00008,false
1774542388215,68970.66,0.00008,false
1774542388215,68970.66,0.00008,false
1774542388215,68971.86,0.00008,false
1774542388215,68972,0.0004,false
1774542388215,68972.34,0.00008,false
1774542388215,68972.35,0.00008,false
1774542388215,68972.35,0.00008,false
1774542388428,68972.35,0.00009,true
1774542389663,68972.35,0.17245,true
1774542389664,68972.35,0.027,true
1774542389664,68972.35,0.11724,true
1774542389664,68972.35,0.11696,true
1774542389664,68972.35,0.05691,true
1774542389670,68972.35,0.00008,true
1774542389670,68972.35,0.00015,true
1774542389670,68972.35,0.00008,true
1774542389670,68972.35,0.00008,true
1774542389670,68972.35,0.00015,true
1774542389670,68972.35,0.00015,true
1774542389670,68972.35,0.00015,true
1774542389670,68972.35,0.06291,true
1774542389670,68972.35,0.00048,true
1774542389670,68972.35,0.00008,true
1774542389670,68972.35,0.00008,true
1774542389670,68972.35,0.0007,true
1774542389670,68972.35,0.00048,true
1774542389670,68972.35,0.00187,true
1774542389670,68972.35,0.00048,true
1774542389670,68972.35,0.00008,true
1774542389670,68972.35,0.00008,true
1774542389670,68972.35,0.00008,true
1774542389670,68972.35,0.00146,true
1774542389670,68972.35,0.00008,true
1774542389670,68972.35,0.00008,true
1774542389670,68972.35,0.00008,true
1774542389670,68972.35,0.00008,true
1774542389670,68972.35,0.00008,true
1774542389670,68972.35,0.00008,true
1774542389670,68972.35,0.00008,true
1774542389670,68972.35,0.00008,true
1774542389670,68972.35,0.00008,true
1774542389670,68972.35,0.00008,true
1774542389670,68972.35,0.00008,true
1774542389670,68972.35,0.00008,true
1774542389670,68972.35,0.00008,true
1774542389670,68972.35,0.00008,true
1774542389670,68972.35,0.00008,true
1774542389670,68972.35,0.00008,true
1774542389670,68972.35,0.00008,true
1774542389670,68972.35,0.00008,true
1774542389670,68972.35,0.00008,true
1774542389670,68972.35,0.00008,true
1774542389670,68972.35,0.00008,true
1774542389670,68972.35,0.00008,true
1774542389670,68972.35,0.00008,true
1774542389670,68972.35,0.00008,true
1774542389670,68972.35,0.00008,true
1774542389672,68972.34,0.00008,true
1774542389672,68972.34,0.00008,true
1774542389672,68972.34,0.00008,true
1774542389672,68972.34,0.00008,true
1774542389672,68972.34,0.00008,true
1774542389672,68972.34,0.00008,true
1774542389672,68972.34,0.00008,true
1774542389672,68972.34,0.00008,true
1774542389672,68972.34,0.00008,true
1774542389678,68971.33,0.00008,true
1774542389678,68971.33,0.00008,true
1774542389678,68971.33,0.00008,true
1774542389678,68971.33,0.00008,true
1774542389678,68971.33,0.00008,true
1774542389678,68971.33,0.00008,true
1774542389678,68971.33,0.00008,true
1774542389678,68971.33,0.00008,true
1774542389678,68971.33,0.00008,true
1774542389678,68971.33,0.00008,true
1774542389678,68971.33,0.00008,true
1774542389678,68971.33,0.00008,true
1774542389678,68971.33,0.00008,true
1774542389678,68971.33,0.00008,true
1774542389678,68971.33,0.00008,true
1774542389678,68971.33,0.00008,true
1774542389678,68971.33,0.00008,true
1774542389678,68971.16,0.00008,true
1774542389683,68970.63,0.00008,true
1774542389683,68970.63,0.00008,true
1774542389683,68970.63,0.10171,true
1774542389683,68970.63,0.00713,true
1774542389749,68970.63,0.00008,true
1774542389749,68970.63,0.00008,true
1774542389749,68970.63,0.00008,true
1774542389749,68970.63,0.00008,true
1774542389749,68970.63,0.00008,true
1774542389749,68970.63,0.00008,true
1774542389749,68970.63,0.00008,true
1774542389749,68970.63,0.00008,true
1774542389749,68970.63,0.00008,true
1774542389749,68970.63,0.00015,true
1774542389749,68970.63,0.00008,true
1774542389749,68970.63,0.00008,true
1774542389749,68970.63,0.00008,true
1774542389749,68970.63,0.00008,true
1774542389749,68970.63,0.00008,true
1774542389749,68970.63,0.00008,true
1774542389749,68970.63,0.00008,true
1774542389749,68970.63,0.00008,true
1774542389749,68970.63,0.00008,true
1774542389749,68970.63,0.00008,true
1774542389749,68970.63,0.00008,true
1774542389749,68970.63,0.00008,true
1774542389749,68970.63,0.00008,true
1774542389749,68970.63,0.00015,true
1774542389749,68970.63,0.00015,true
1774542389749,68970.63,0.00015,true
1774542389749,68970.63,0.00008,true
1774542389749,68970.63,0.00008,true
1774542389749,68970.63,0.00008,true
1774542389749,68970.63,0.00008,true
1774542389749,68970.63,0.00008,true
1774542389749,68970.63,0.00008,true
1774542389749,68970.63,0.00008,true
1774542389749,68970.63,0.00008,true
1774542389749,68970.63,0.00008,true
1774542389749,68970.62,0.00008,true
1774542389749,68970.62,0.00008,true
1774542389749,68970.62,0.00008,true
1774542389749,68970.62,0.00008,true
1774542389749,68970.62,0.00008,true
1774542389749,68970.62,0.00008,true
1774542389749,68970.62,0.00008,true
1774542389749,68970.62,0.00008,true
1774542389749,68970.62,0.00008,true
1774542389749,68969.72,0.00008,true
1774542389749,68969.71,0.00008,true
1774542389749,68969.71,0.00008,true
1774542389749,68969.71,0.00008,true
1774542389749,68969.71,0.00008,true
1774542389749,68969.71,0.00008,true
1774542389749,68969.71,0.00008,true
1774542389749,68969.71,0.00008,true
1774542389749,68969.71,0.00008,true
1774542389749,68969.71,0.00008,true
1774542389749,68969.71,0.00008,true
1774542389749,68969.4,0.00008,true
1774542389749,68969.26,0.00008,true
1774542389749,68969.25,0.00008,true
1774542389749,68969.25,0.00008,true
1774542389749,68969.25,0.00008,true
1774542389749,68969.25,0.00008,true
1774542389749,68969.25,0.00008,true
1774542389749,68969.25,0.00008,true
1774542389836,68969.25,0.00017,false
1774542390010,68969.24,0.00008,true
1774542390010,68969.24,0.01301,true
1774542390010,68969.24,0.01449,true
1774542390010,68969.24,0.01449,true
1774542390010,68969.24,0.00015,true
1774542390010,68969.24,0.00008,true
1774542390010,68969.24,0.00008,true
1774542390010,68969.24,0.00008,true
1774542390010,68969.24,0.00008,true
1774542390010,68969.24,0.00008,true
1774542390010,68969.24,0.00008,true
1774542390010,68969.24,0.00008,true
1774542390010,68969.24,0.00008,true
1774542390010,68969.24,0.00015,true
1774542390010,68969.24,0.00008,true
1774542390010,68969.24,0.00008,true
1774542390010,68969.24,0.00008,true
1774542390010,68969.24,0.00008,true
1774542390010,68969.24,0.06988,true
1774542390921,68969.25,0.14981,false
1774542390921,68969.25,0.09504,false
1774542391504,68969.25,0.0002,false
1774542391801,68969.24,0.00015,true
1774542391801,68969.24,0.00015,true
1774542391801,68969.24,0.00008,true
1774542391801,68969.24,0.00015,true
1774542391801,68969.24,0.00647,true
1774542391815,68969.24,0.00153,true
1774542391815,68969.24,0.00008,true
1774542391815,68969.24,0.00008,true
1774542391815,68969.24,0.00008,true
1774542391815,68969.24,0.00008,true
1774542391815,68969.24,0.00008,true
1774542391815,68969.24,0.00008,true
1774542391815,68969.24,0.00008,true
1774542391815,68969.24,0.00008,true
1774542391815,68969.24,0.01449,true
1774542391815,68969.24,0.01449,true
1774542391815,68969.24,0.00015,true
1774542391815,68969.24,0.00008,true
1774542391815,68969.24,0.00008,true
1774542391815,68969.24,0.00008,true
1774542391815,68969.24,0.00008,true
1774542391815,68969.24,0.00008,true
1774542391815,68969.24,0.00008,true
1774542391815,68969.24,0.00008,true
1774542391815,68969.24,0.00008,true
1774542391815,68969.24,0.00008,true
1774542391815,68969.23,0.00008,true
1774542391815,68969.23,0.00008,true
1774542391815,68969.23,0.00008,true
1774542391815,68969.23,0.00008,true
1774542391815,68969.23,0.00008,true
1774542391815,68969.23,0.00008,true
1774542391815,68968.58,0.00008,true
1774542391815,68967.52,0.003,true
1774542391815,68967.2,0.00008,true
1774542391815,68967.09,0.00008,true
1774542391815,68967.09,0.00008,true
1774542391815,68967.09,0.00008,true
1774542391815,68967.09,0.00008,true
1774542391815,68967.09,0.00008,true
1774542391815,68967.09,0.00008,true
1774542391815,68967.09,0.00008,true
1774542391815,68966,0.00008,true
1774542391815,68965.85,0.00008,true
1774542391815,68965.71,0.00008,true
1774542391815,68965.71,0.00008,true
1774542391815,68965.71,0.00008,true
1774542391815,68965.71,0.00008,true
1774542391815,68965.71,0.00008,true
1774542391815,68965.71,0.00008,true
1774542391815,68965.7,0.00033,true
1774542391815,68965.7,0.00008,true
1774542391907,68965.7,0.0002,false
1774542392152,68965.7,0.06814,false
1774542392293,68965.7,0.0034,false
1774542392366,68965.7,0.0002,false
1774542392401,68965.7,0.00217,false
1774542392471,68965.7,0.00014,false
1774542392789,68965.7,0.0002,false
1774542392801,68965.69,0.14507,true
1774542393329,68965.7,0.0002,false
1774542393702,68965.7,0.00153,false
1774542393838,68965.69,0.00619,true
1774542393838,68965.69,0.0026,true
1774542393838,68965.69,0.00008,true
1774542393838,68965.69,0.00008,true
1774542393838,68965.69,0.00008,true
1774542393838,68965.69,0.00015,true
1774542393838,68965.69,0.00008,true
1774542393838,68965.69,0.00008,true
1774542393838,68965.69,0.00008,true
1774542393838,68965.69,0.00008,true
1774542393838,68965.69,0.00008,true
1774542393838,68965.69,0.00008,true
1774542393838,68965.69,0.00015,true
1774542393838,68965.69,0.00008,true
1774542393838,68965.69,0.00015,true
1774542393838,68965.69,0.00008,true
1774542393838,68965.69,0.00015,true
1774542393838,68965.69,0.00015,true
1774542393838,68965.69,0.00015,true
1774542393838,68965.69,0.5,true
1774542393838,68965.69,0.00008,true
1774542393838,68965.69,0.00008,true
1774542393838,68965.69,0.00008,true
1774542393838,68965.69,0.00008,true
1774542393838,68965.69,0.00313,true
1774542393838,68965.69,0.00008,true
1774542393838,68965.69,0.00008,true
1774542393838,68965.69,0.00008,true
1774542393838,68965.69,0.00008,true
1774542393838,68965.69,0.00008,true
1774542393840,68965.69,0.00008,true
1774542393840,68965.69,0.00008,true
1774542393840,68965.69,0.00008,true
1774542393840,68965.69,0.00008,true
1774542393840,68965.69,0.00008,true
1774542393840,68965.69,0.00008,true
1774542393840,68965.69,0.00008,true
1774542393840,68965.68,0.00008,true
1774542393840,68965.68,0.00008,true
1774542393840,68965.68,0.00008,true
1774542393840,68965.68,0.00008,true
1774542393840,68965.68,0.00008,true
1774542393840,68965.68,0.00008,true
1774542393840,68965.68,0.00008,true
1774542393840,68965.68,0.00008,true
1774542393840,68965.14,0.00008,true
1774542393840,68964.06,0.00008,true
1774542394040,68964.05,0.01,true
1774542394040,68964.05,0.00008,true
1774542394040,68964.05,0.00008,true
1774542394040,68964.05,0.00015,true
1774542394040,68964.05,0.00008,true
1774542394040,68964.05,0.00008,true
1774542394040,68964.05,0.00008,true
1774542394040,68964.05,0.00008,true
1774542394040,68964.05,0.00008,true
1774542394040,68964.05,0.21137,true
1774542394040,68964.05,0.00015,true
1774542394040,68964.05,0.00008,true
1774542394040,68964.05,0.00008,true
1774542394040,68964.05,0.00008,true
1774542394040,68964.05,0.00008,true
1774542394040,68964.05,0.00008,true
1774542394040,68964.05,0.00008,true
1774542394040,68964.04,0.00008,true
1774542394040,68964.04,0.00008,true
1774542394040,68964.04,0.00008,true
1774542394041,68964.04,0.00008,true
1774542394041,68964.04,0.00008,true
1774542394041,68964.04,0.00008,true
1774542394041,68963.76,0.00008,true
1774542394071,68963.57,0.00008,true
1774542394071,68963.57,0.00008,true
1774542394071,68963.57,0.00008,true
1774542394071,68963.57,0.00008,true
1774542394071,68963.57,0.00008,true
1774542394071,68963.57,0.00008,true
1774542394071,68963.57,0.00008,true
1774542394071,68963.57,0.00008,true
1774542394071,68963.57,0.00008,true
1774542394071,68963.57,0.00015,true
1774542394071,68963.57,0.00008,true
1774542394071,68963.57,0.00008,true
1774542394071,68963.57,0.00008,true
1774542394071,68963.57,0.00008,true
1774542394071,68963.56,0.00008,true
1774542394071,68963.56,0.00008,true
1774542394071,68963.56,0.00008,true
1774542394071,68963.56,0.00008,true
1774542394071,68963.56,0.00008,true
1774542394071,68962.78,0.00008,true
1774542394071,68962.3,0.00008,true
1774542394071,68962.25,0.00008,true
1774542394071,68962.24,0.00059,true
1774542394115,68962.24,0.00016,true
1774542394115,68962.24,0.00008,true
1774542394115,68962.24,0.00008,true
1774542394115,68962.24,0.00008,true
1774542394115,68962.24,0.00008,true
1774542394115,68962.24,0.00015,true
1774542394115,68962.24,0.00008,true
1774542394115,68962.24,0.00008,true
1774542394115,68962.24,0.00008,true
1774542394115,68962.24,0.00008,true
1774542394115,68962.24,0.00008,true
1774542394115,68962.24,0.00008,true
1774542394115,68962.24,0.00008,true
1774542394115,68962.24,0.00008,true
1774542394115,68962.24,0.00008,true
1774542394115,68962.24,0.00008,true
1774542394115,68962.24,0.00008,true
1774542394115,68962.23,0.00008,true
1774542394115,68962.23,0.00008,true
1774542394115,68962.23,0.00008,true
1774542394115,68962.23,0.00008,true
1774542394115,68962.23,0.00008,true
1774542394115,68962.23,0.00008,true
1774542394115,68962.23,0.00008,true
1774542394115,68962.23,0.00008,true
1774542394115,68962.23,0.00008,true
1774542394115,68962.23,0.00008,true
1774542394115,68961.42,0.00008,true
1774542394115,68960.86,0.003,true
1774542394115,68960.85,0.00008,true
1774542394115,68960.11,0.00008,true
1774542394115,68959.76,0.00008,true
1774542394115,68959.76,0.00008,true
1774542394115,68959.31,0.00008,true
1774542394115,68958.79,0.00008,true
1774542394115,68958.79,0.00008,true
1774542394115,68958.75,0.00008,true
1774542394115,68957.99,0.00353,true
1774542394115,68957.36,0.00008,true
1774542394115,68957.36,0.00008,true
1774542394115,68957.36,0.00008,true
1774542394115,68957.36,0.00008,true
1774542394115,68957.36,0.00008,true
1774542394115,68957.36,0.00008,true
1774542394115,68957.36,0.00008,true
1774542394115,68957.36,0.00008,true
1774542394115,68957.36,0.00008,true
1774542394115,68957.36,0.00008,true
1774542394115,68957.17,0.00008,true
1774542394115,68956.99,0.00008,true
1774542394115,68956.98,0.00008,true
1774542394115,68956.98,0.00008,true
1774542394115,68956.98,0.00008,true
1774542394115,68956.98,0.00008,true
1774542394115,68956.98,0.00008,true
1774542394115,68956.98,0.00008,true
1774542394115,68956.63,0.00008,true
1774542394117,68956.62,0.00008,true
1774542394367,68956.62,0.24992,true
1774542394367,68956.62,0.00008,true
1774542394367,68956.62,0.00008,true
1774542394367,68956.62,0.00008,true
1774542394367,68956.62,0.00008,true
1774542394367,68956.62,0.00008,true
1774542394367,68956.62,0.00008,true
1774542394367,68956.62,0.00008,true
1774542394367,68956.62,0.00008,true
1774542394367,68956.62,0.00015,true
1774542394367,68956.62,0.00008,true
1774542394367,68956.62,0.00008,true
1774542394367,68956.62,0.00008,true
1774542394367,68956.62,0.00008,true
1774542394367,68956.62,0.00008,true
1774542394367,68956.62,0.00015,true
1774542394367,68956.62,0.00008,true
1774542394367,68956.62,0.00008,true
1774542394367,68956.62,0.00008,true
1774542394367,68956.62,0.00008,true
1774542394367,68956.62,0.00008,true
1774542394367,68956.62,0.00008,true
1774542394367,68956.62,0.00008,true
1774542394367,68956.62,0.00008,true
1774542394367,68956.62,0.00015,true
1774542394367,68956.62,0.00015,true
1774542394367,68956.62,0.00008,true
1774542394367,68956.62,0.00008,true
1774542394367,68956.62,0.00659,true
1774542394367,68956.62,0.2241,true
1774542394367,68956.62,0.00008,true
1774542394367,68956.62,0.00008,true
1774542394371,68956.62,0.00008,true
1774542394371,68956.62,0.00008,true
1774542394371,68956.62,0.00008,true
1774542394375,68956.62,0.2241,true
1774542394375,68956.62,0.00008,true
1774542394375,68956.62,0.00991,true
1774542394660,68956.63,0.00028,false
1774542395612,68956.63,0.00032,false
1774542395670,68956.62,0.00008,true
1774542395670,68956.62,0.00008,true
1774542395670,68956.62,0.00008,true
1774542395670,68956.62,0.00008,true
1774542395670,68956.62,0.00015,true
1774542395670,68956.62,0.00015,true
1774542395670,68956.62,0.00008,true
1774542395670,68956.62,0.00008,true
1774542395670,68956.62,0.00008,true
1774542395670,68956.62,0.00015,true
1774542395670,68956.62,0.00008,true
1774542395670,68956.62,0.00008,true
1774542395670,68956.62,0.00639,true
1774542395670,68956.62,0.00008,true
1774542395670,68956.62,0.01,true
1774542395670,68956.62,0.00008,true
1774542395670,68956.62,0.00008,true
1774542395670,68956.62,0.00008,true
1774542395670,68956.62,0.00008,true
1774542395670,68956.62,0.00008,true
1774542395670,68956.62,0.00008,true
1774542395670,68956.62,0.00008,true
1774542395670,68956.62,0.00008,true
1774542395670,68956.62,0.00008,true
1774542395670,68956.62,0.00008,true
1774542395670,68956.62,0.00008,true
1774542395670,68956.62,0.00008,true
1774542395670,68956.62,0.00008,true
1774542395670,68956.62,0.00008,true
1774542395670,68956.61,0.00008,true
1774542395670,68956.61,0.00008,true
1774542395670,68956.61,0.00008,true
1774542395670,68956.61,0.00008,true
1774542395670,68956.61,0.00008,true
1774542395670,68956.61,0.00008,true
1774542395672,68956.61,0.00008,true
1774542395672,68956.61,0.00008,true
1774542395672,68956.61,0.00008,true
1774542395672,68956.61,0.00008,true
1774542395672,68956.61,0.00008,true
1774542395702,68956.2,0.00008,true
1774542395702,68956.2,0.00081,true
1774542395702,68956.2,0.00008,true
1774542395702,68956.2,0.00008,true
1774542395702,68956.2,0.00008,true
1774542395702,68956.2,0.00008,true
1774542395702,68956.2,0.00008,true
1774542395702,68956.2,0.00008,true
1774542395702,68956.2,0.00008,true
1774542395702,68956.2,0.00008,true
1774542395702,68956.2,0.00008,true
1774542395702,68956.2,0.00008,true
1774542395702,68956.2,0.00008,true
1774542395702,68956.2,0.00008,true
1774542395702,68956.2,0.00008,true
1774542395702,68956.2,0.00008,true
1774542395702,68956.2,0.00015,true
1774542395702,68956.2,0.00008,true
1774542395702,68956.2,0.00008,true
1774542395702,68956.2,0.00008,true
1774542395702,68956.2,0.00008,true
1774542395702,68956.2,0.00008,true
1774542395702,68956.19,0.00008,true
1774542395702,68956.19,0.00008,true
1774542395702,68956.19,0.00008,true
1774542395702,68956.19,0.00008,true
1774542395702,68956.19,0.00008,true
1774542395702,68956.19,0.00008,true
1774542395702,68956.19,0.00008,true
1774542395702,68956.19,0.00008,true
1774542395702,68956.19,0.00008,true
1774542395702,68956.03,0.00228,true
1774542395739,68956.03,0.00072,true
1774542395739,68956.03,0.00008,true
1774542395739,68956.03,0.00008,true
1774542395739,68956.03,0.00015,true
1774542395739,68956.03,0.00008,true
1774542395739,68956.03,0.00008,true
1774542395739,68956.03,0.00008,true
1774542395739,68956.03,0.00008,true
1774542395739,68956.03,0.00008,true
1774542395739,68956.03,0.00008,true
1774542395739,68956.03,0.00008,true
1774542395739,68956.03,0.00008,true
1774542395739,68956.03,0.00008,true
1774542395739,68956.03,0.00008,true
1774542395739,68956.03,0.00008,true
1774542395739,68956.03,0.00008,true
1774542395739,68956.03,0.00008,true
1774542395739,68956.03,0.00008,true
1774542395739,68956.03,0.00008,true
1774542395739,68956.03,0.00008,true
1774542395739,68956.03,0.00008,true
1774542395739,68956.02,0.00008,true
1774542395739,68956.02,0.00008,true
1774542395739,68956.02,0.00008,true
1774542395739,68956.02,0.00008,true
1774542395739,68956.02,0.00008,true
1774542395739,68956.02,0.00008,true
1774542395739,68956.02,0.00008,true
1774542395739,68955.98,0.00008,true
1774542395739,68955.97,0.00008,true
1774542395739,68955.97,0.00008,true
1774542395739,68955.85,0.00008,true
1774542395739,68955.84,0.00008,true
1774542395739,68955.84,0.00088,true
1774542395739,68955.74,0.0047,true
1774542395739,68955.59,0.00008,true
1774542395739,68955.58,0.00772,true
1774542395739,68955.58,0.00008,true
1774542395791,68955.58,0.00008,true
1774542395791,68955.58,0.00008,true
1774542395791,68955.58,0.00015,true
1774542395791,68955.58,0.00008,true
1774542395791,68955.58,0.00008,true
1774542395791,68955.58,0.00008,true
1774542395791,68955.58,0.00008,true
1774542395791,68955.58,0.00008,true
1774542395791,68955.58,0.00008,true
1774542395791,68955.58,0.00008,true
1774542395791,68955.58,0.00008,true
1774542395791,68955.58,0.00008,true
1774542395791,68955.58,0.00008,true
1774542395791,68955.58,0.00008,true
1774542395791,68955.58,0.00008,true
1774542395791,68955.58,0.00008,true
1774542395791,68955.57,0.00008,true
1774542395791,68955.57,0.00008,true
1774542395791,68955.57,0.00008,true
1774542395791,68955.57,0.00008,true
1774542395791,68955.57,0.00008,true
1774542395791,68955.2,0.00008,true
1774542395791,68954.71,0.00093,true
1774542395791,68954.62,0.00008,true
1774542395975,68952.88,0.00105,true
1774542395982,68952.89,0.01014,false
1774542396206,68952.89,0.00058,false
1774542396512,68952.88,0.0013,true
1774542396512,68952.88,0.00008,true
1774542396512,68952.88,0.00008,true
1774542396512,68952.88,0.00008,true
1774542396512,68952.88,0.00015,true
1774542396512,68952.88,0.00008,true
1774542396512,68952.88,0.00008,true
1774542396512,68952.88,0.00008,true
1774542396512,68952.88,0.00008,true
1774542396512,68952.88,0.00008,true
1774542396512,68952.88,0.00008,true
1774542396512,68952.88,0.00015,true
1774542396512,68952.88,0.00008,true
1774542396512,68952.88,0.00008,true
1774542396512,68952.88,0.00008,true
1774542396512,68952.88,0.00008,true
1774542396512,68952.88,0.00008,true
1774542396512,68952.88,0.00008,true
1774542396512,68952.88,0.00008,true
1774542396512,68952.88,0.00011,true
1774542396514,68952.88,0.00008,true
1774542396514,68952.88,0.00008,true
1774542396514,68952.88,0.00008,true
1774542396514,68952.88,0.00008,true
1774542396514,68952.88,0.00008,true
1774542396514,68952.88,0.00015,true
1774542396514,68952.87,0.00008,true
1774542396514,68952.87,0.00008,true
1774542396514,68952.87,0.00008,true
1774542396514,68952.87,0.00008,true
1774542396514,68952.87,0.00008,true
1774542396514,68952.87,0.00008,true
1774542396514,68952.87,0.00008,true
1774542396514,68952.75,0.00008,true
1774542396514,68952.37,0.00008,true
1774542396514,68951.65,0.00008,true
1774542396514,68950.98,0.00008,true
1774542396514,68950.83,0.00008,true
1774542396517,68949.98,0.00353,true
1774542396517,68949.98,0.06181,true
1774542396517,68949.98,0.00008,true
1774542396517,68949.98,0.00008,true
1774542396517,68949.98,0.00008,true
1774542396517,68949.98,0.00008,true
1774542396520,68949.98,0.00008,true
1774542396520,68949.98,0.00008,true
1774542396520,68949.98,0.00008,true
1774542396520,68949.98,0.00008,true
1774542396520,68949.98,0.0488,true
1774542396520,68949.98,0.06258,true
1774542397244,68949.98,0.00008,true
1774542397244,68949.98,0.00015,true
1774542397244,68949.98,0.00008,true
1774542397244,68949.98,0.00008,true
1774542397244,68949.98,0.00015,true
1774542397244,68949.98,0.00008,true
1774542397244,68949.98,0.00008,true
1774542397244,68949.98,0.00008,true
1774542397244,68949.98,0.00008,true
1774542397244,68949.98,0.00008,true
1774542397244,68949.98,0.00008,true
1774542397244,68949.98,0.00008,true
1774542397244,68949.98,0.00008,true
1774542397244,68949.98,0.01,true
1774542397244,68949.98,0.00008,true
1774542397244,68949.98,0.00008,true
1774542397244,68949.98,0.00008,true
1774542397244,68949.98,0.00008,true
1774542397244,68949.98,0.00008,true
1774542397244,68949.98,0.00008,true
1774542397244,68949.98,0.00008,true
1774542397244,68949.98,0.00008,true
1774542397244,68949.98,0.00008,true
1774542397244,68949.98,0.00008,true
1774542397244,68949.97,0.00008,true
1774542397244,68949.97,0.00008,true
1774542397244,68949.97,0.00008,true
1774542397244,68949.97,0.00008,true
1774542397244,68949.97,0.00008,true
1774542397244,68949.97,0.00008,true
1774542397244,68949.97,0.00008,true
1774542397244,68948.91,0.00008,true
1774542397244,68948.9,0.00008,true
1774542397298,68948.9,0.00008,true
1774542397298,68948.9,0.00008,true
1774542397298,68948.9,0.00008,true
1774542397298,68948.9,0.00008,true
1774542397298,68948.9,0.00008,true
1774542397298,68948.9,0.00008,true
1774542397298,68948.9,0.00008,true
1774542397298,68948.9,0.00008,true
1774542397298,68948.9,0.00008,true
1774542397298,68948.9,0.00008,true
1774542397298,68948.9,0.00008,true
1774542397298,68948.9,0.00008,true
1774542397298,68948.9,0.00015,true
1774542397298,68948.9,0.00008,true
1774542397298,68948.9,0.00008,true
1774542397298,68948.9,0.00008,true
1774542397298,68948.9,0.00008,true
1774542397298,68948.9,0.00008,true
1774542397298,68948.9,0.00008,true
1774542397298,68948.9,0.00008,true
1774542397298,68948.9,0.00008,true
1774542397298,68948.9,0.00008,true
1774542397298,68948.9,0.00008,true
1774542397298,68948.9,0.00008,true
1774542397298,68948.9,0.00008,true
1774542397298,68948.9,0.00008,true
1774542397298,68948.9,0.00008,true
1774542397298,68948.9,0.00008,true
1774542397298,68948.89,0.00008,true
1774542397298,68948.89,0.00008,true
1774542397298,68948.89,0.00008,true
1774542397298,68948.89,0.00008,true
1774542397298,68948.89,0.00008,true
1774542397298,68948.89,0.00008,true
1774542397298,68948.89,0.00008,true
1774542397298,68948.89,0.00008,true
1774542397298,68948.89,0.00008,true
1774542397298,68948.89,0.00008,true
1774542397298,68948.89,0.00008,true
1774542397298,68948.89,0.00008,true
1774542397298,68948.89,0.00008,true
1774542397298,68948.89,0.00008,true
1774542397298,68948.89,0.00008,true
1774542397298,68948.79,0.00008,true
1774542397298,68948.79,0.00008,true
1774542397298,68948.79,0.00008,true
1774542397298,68948.79,0.00008,true
1774542397298,68948.79,0.00008,true
1774542397298,68948.1,0.00008,true
1774542397298,68947.04,0.00008,true
1774542397298,68946.92,0.00008,true
1774542397298,68946.91,0.00008,true
1774542397298,68946.91,0.00008,true
1774542397298,68946.1,0.00011,true
1774542397298,68945.76,0.00008,true
1774542397379,68945.58,0.0047,true
1774542397379,68945.58,0.06155,true
1774542397379,68945.58,0.00008,true
1774542397379,68945.58,0.00008,true
1774542397379,68945.58,0.00008,true
1774542397379,68945.58,0.00008,true
1774542397379,68945.58,0.00008,true
1774542397379,68945.58,0.00008,true
1774542397379,68945.58,0.00008,true
1774542397379,68945.58,0.00015,true
1774542397379,68945.58,0.00008,true
1774542397379,68945.58,0.00008,true
1774542397379,68945.58,0.07799,true
1774542397596,68945.58,0.00008,true
1774542397596,68945.58,0.00008,true
1774542397596,68945.58,0.00008,true
1774542397596,68945.58,0.00008,true
1774542397596,68945.58,0.00008,true
1774542397596,68945.58,0.00008,true
1774542397596,68945.58,0.00008,true
1774542397596,68945.58,0.0488,true
1774542397596,68945.58,0.00008,true
1774542397596,68945.58,0.00015,true
1774542397596,68945.58,0.00015,true
1774542397596,68945.58,0.00008,true
1774542397596,68945.58,0.00008,true
1774542397596,68945.58,0.00008,true
1774542397596,68945.58,0.00008,true
1774542397596,68945.58,0.00008,true
1774542397596,68945.58,0.00008,true
1774542397596,68945.58,0.00008,true
1774542397596,68945.58,0.00008,true
1774542397596,68945.58,0.00015,true
1774542397596,68945.58,0.06037,true
1774542397596,68945.58,0.00008,true
1774542397596,68945.58,0.00008,true
1774542397596,68945.58,0.00008,true
1774542397596,68945.58,0.00008,true
1774542397596,68945.58,0.00008,true
1774542397596,68945.58,0.00008,true
1774542397596,68945.58,0.00008,true
1774542397596,68945.58,0.00008,true
1774542397596,68945.58,0.00008,true
1774542397596,68945.58,0.2241,true
1774542397596,68945.58,0.00008,true
1774542397596,68945.58,0.00008,true
1774542397596,68945.58,0.00008,true
1774542397596,68945.58,0.00008,true
1774542397596,68945.58,0.00008,true
1774542397596,68945.58,0.00008,true
1774542397598,68945.58,0.00008,true
1774542397598,68945.58,0.00008,true
1774542397598,68945.58,0.0168,true
1774542397598,68945.58,0.0488,true
1774542397598,68945.58,0.05106,true
1774542397915,68945.58,0.00008,true
1774542397915,68945.58,0.01114,true
1774542397917,68945.58,0.09672,true
1774542397917,68945.58,0.17267,true
1774542398471,68945.58,0.00008,true
1774542398471,68945.58,0.00008,true
1774542398471,68945.58,0.00008,true
1774542398471,68945.58,0.00008,true
1774542398471,68945.58,0.00008,true
1774542398471,68945.58,0.00008,true
1774542398471,68945.58,0.00008,true
1774542398471,68945.58,0.00015,true
1774542398471,68945.58,0.00008,true
1774542398471,68945.58,0.00008,true
1774542398471,68945.58,0.00008,true
1774542398471,68945.58,0.00008,true
1774542398471,68945.58,0.00008,true
1774542398471,68945.58,0.00008,true
1774542398471,68945.58,0.00015,true
1774542398471,68945.58,0.00008,true
1774542398471,68945.58,0.01,true
1774542398471,68945.58,0.00008,true
1774542398471,68945.58,0.00008,true
1774542398471,68945.58,0.00008,true
1774542398471,68945.58,0.00008,true
1774542398471,68945.58,0.00008,true
1774542398471,68945.58,0.00008,true
1774542398471,68945.58,0.00008,true
1774542398471,68945.58,0.00008,true
1774542398471,68945.58,0.00008,true
1774542398471,68945.58,0.00008,true
1774542398471,68945.58,0.00008,true
1774542398471,68945.58,0.00008,true
1774542398471,68945.57,0.00008,true
1774542398471,68945.57,0.00008,true
1774542398471,68945.57,0.00008,true
1774542398471,68945.57,0.00008,true
1774542398471,68945.57,0.00008,true
1774542398471,68945.57,0.00008,true
1774542398471,68945.57,0.00008,true
1774542398471,68945.57,0.00008,true
1774542398471,68945.57,0.00008,true
1774542398471,68945.57,0.00008,true
1774542398471,68945.57,0.00008,true
1774542398471,68945.5,0.00088,true
1774542398471,68945.43,0.00008,true
1774542398471,68944.89,0.00008,true
1774542398471,68944.55,0.00008,true
1774542398471,68944,0.0004,true
1774542398471,68943.8,0.00008,true
1774542398565,68943.25,0.00008,true
1774542398565,68943.25,0.00008,true
1774542398565,68943.25,0.00008,true
1774542398565,68943.25,0.00008,true
1774542398565,68943.25,0.00008,true
1774542398565,68943.25,0.00008,true
1774542398565,68943.25,0.00008,true
1774542398565,68943.25,0.00008,true
1774542398565,68943.25,0.00008,true
1774542398565,68943.25,0.00008,true
1774542398565,68943.25,0.00008,true
1774542398565,68943.25,0.00008,true
1774542398565,68943.25,0.00008,true
1774542398565,68943.25,0.00008,true
1774542398565,68943.25,0.00008,true
1774542398565,68943.25,0.00008,true
1774542398565,68943.25,0.00008,true
1774542398565,68943.25,0.00008,true
1774542398565,68943.25,0.00008,true
1774542398565,68943.24,0.00008,true
1774542398565,68943.24,0.00008,true
1774542398565,68943.24,0.00008,true
1774542398565,68943.24,0.00008,true
1774542398565,68943.24,0.00008,true
1774542398565,68943.24,0.00008,true
1774542398565,68943.24,0.00008,true
1774542398565,68943.24,0.00008,true
1774542398565,68943.24,0.00008,true
1774542398565,68943.22,0.003,true
1774542398565,68942.48,0.00008,true
1774542398565,68942.47,0.00008,true
1774542398565,68942.47,0.00008,true
1774542398565,68942.25,0.00008,true
1774542398565,68942.24,0.00008,true
1774542398565,68942.23,0.00235,true
1774542398565,68942.23,0.00008,true
1774542398565,68942.23,0.00008,true
1774542398565,68942.01,0.00008,true
1774542398565,68942,0.046,true
1774542398565,68942,0.0004,true
1774542398565,68942,0.00008,true
1774542398565,68942,0.00008,true
1774542398565,68941.96,0.00008,true
1774542398565,68941,0.00008,true
1774542398565,68940.86,0.00008,true
1774542398565,68940.76,0.00008,true
1774542398565,68940.76,0.00008,true
1774542398565,68940.54,0.00008,true
1774542398565,68940.54,0.00008,true
1774542398565,68940.54,0.00008,true
1774542398565,68940.32,0.003,true
1774542398565,68940,0.00066,true
1774542398565,68940,0.00008,true
1774542398565,68940,0.0004,true
1774542398565,68940,0.0004,true
1774542398565,68940,0.0004,true
1774542398565,68940,0.00014,true
1774542398565,68938.81,0.00015,true
1774542398703,68938.57,0.00072,false
1774542398706,68938.56,0.00008,true
1774542398706,68938.56,0.00008,true
1774542398706,68938.56,0.00008,true
1774542398706,68938.56,0.00008,true
1774542398706,68938.56,0.00008,true
1774542398706,68938.56,0.00008,true
1774542398706,68938.56,0.00008,true
1774542398706,68938.56,0.00008,true
1774542398706,68938.56,0.00008,true
1774542398706,68938.56,0.00008,true
1774542398706,68938.56,0.00008,true
1774542398706,68938.56,0.00008,true
1774542398706,68938.56,0.00008,true
1774542398706,68938.56,0.00008,true
1774542398706,68938.56,0.00008,true
1774542398706,68938.56,0.00008,true
1774542398706,68938.56,0.00008,true
1774542398706,68938.56,0.00008,true
1774542398706,68938.56,0.00008,true
1774542398706,68938.56,0.00008,true
1774542398706,68938.56,0.00008,true
1774542398706,68938.56,0.00008,true
1774542398706,68938.56,0.00008,true
1774542398706,68938.56,0.00008,true
1774542398706,68938.56,0.00008,true
1774542398706,68938.56,0.00008,true
1774542398706,68938.56,0.00008,true
1774542398710,68938.56,0.00008,true
1774542398710,68938.56,0.00008,true
1774542398710,68938.56,0.00008,true
1774542398710,68938.56,0.00008,true
1774542398710,68938.56,0.00008,true
1774542398712,68938.56,0.00008,true
1774542398712,68938.56,0.00008,true
1774542398712,68938.56,0.00008,true
1774542398712,68938.56,0.00008,true
1774542398712,68938.56,0.00008,true
1774542398712,68938.56,0.00008,true
1774542398712,68938.56,0.00008,true
1774542398712,68938.56,0.00008,true
1774542398712,68938.56,0.00008,true
1774542398712,68938.56,0.00008,true
1774542398712,68938.56,0.00008,true
1774542398712,68938.56,0.00008,true
1774542398712,68938.56,0.00008,true
1774542398712,68938.56,0.00008,true
1774542398712,68938.56,0.00008,true
1774542398712,68938.56,0.00008,true
1774542398712,68938.56,0.00008,true
1774542398712,68938.56,0.00008,true
1774542398712,68938.56,0.00008,true
1774542398712,68938.56,0.00008,true
1774542398712,68938.56,0.00008,true
1774542398712,68938.56,0.00008,true
1774542398715,68938.56,0.00008,true
1774542398715,68938.56,0.00008,true
1774542398715,68938.56,0.00008,true
1774542398769,68938.56,0.00008,true
1774542398769,68938.56,0.00008,true
1774542398769,68938.56,0.00008,true
1774542398769,68938.56,0.00008,true
1774542398769,68938.56,0.00008,true
1774542398769,68938.56,0.00008,true
1774542398769,68938.56,0.00008,true
1774542398769,68938.56,0.00008,true
1774542398769,68938.56,0.00008,true
1774542398769,68938.56,0.00008,true
1774542398769,68938.56,0.00008,true
1774542398769,68938.56,0.00008,true
1774542398769,68938.56,0.00008,true
1774542398769,68938.56,0.00008,true
1774542398769,68938.56,0.00008,true
1774542398769,68938.56,0.00008,true
1774542398769,68938.56,0.00008,true
1774542398769,68938.56,0.00008,true
1774542398769,68938.55,0.00008,true
1774542398769,68938.55,0.00008,true
1774542398769,68938.55,0.00008,true
1774542398769,68938.55,0.00008,true
1774542398769,68938.55,0.00008,true
1774542398769,68938.55,0.00008,true
1774542398769,68938.55,0.00008,true
1774542398769,68938.55,0.00008,true
1774542398769,68938.55,0.00008,true
1774542398769,68938.55,0.00008,true
1774542398769,68938.55,0.00008,true
1774542398769,68938.54,0.00008,true
1774542398769,68938.53,0.02264,true
1774542398769,68938.53,0.00008,true
1774542398770,68938.53,0.00008,true
1774542398770,68938.53,0.00008,true
1774542398770,68938.53,0.00008,true
1774542398770,68938.53,0.00008,true
1774542398770,68938.49,0.00008,true
1774542398838,68938,0.0004,true
1774542398838,68938,0.0004,true
1774542398838,68938,0.0004,true
1774542398838,68938,0.00008,true
1774542398838,68938,0.00008,true
1774542398838,68938,0.00008,true
1774542398838,68938,0.00008,true
1774542398838,68938,0.00008,true
1774542398838,68938,0.00008,true
1774542398838,68938,0.00008,true
1774542398838,68938,0.00008,true
1774542398838,68938,0.00008,true
1774542398838,68938,0.00008,true
1774542398838,68938,0.00008,true
1774542398838,68938,0.00008,true
1774542398838,68938,0.00008,true
1774542398838,68938,0.00008,true
1774542398838,68938,0.00008,true
1774542398838,68938,0.0271,true
1774542398838,68938,0.00008,true
1774542398838,68938,0.00008,true
1774542398838,68938,0.00008,true
1774542398838,68938,0.00008,true
1774542398838,68938,0.00008,true
1774542398838,68938,0.00008,true
1774542398838,68938,0.00008,true
1774542398838,68937.99,0.00008,true
1774542398838,68937.99,0.00008,true
1774542398838,68937.99,0.00008,true
1774542398838,68937.99,0.00008,true
1774542398838,68937.99,0.00008,true
1774542398838,68937.99,0.00008,true
1774542398838,68937.99,0.00008,true
1774542398838,68937.99,0.00008,true
1774542398838,68937.99,0.00008,true
1774542398840,68937.45,0.00008,true
1774542398840,68937.45,0.00008,true
1774542398840,68937.45,0.00008,true
1774542398840,68937.45,0.00008,true
1774542398840,68937.45,0.00008,true
1774542398850,68937.11,0.00008,true
1774542398850,68937.11,0.00008,true
1774542398850,68937.11,0.00008,true
1774542398850,68937.11,0.00008,true
1774542398850,68937.11,0.00008,true
1774542398850,68937.11,0.00008,true
1774542398850,68937.11,0.00008,true
1774542398850,68937.11,0.00008,true
1774542398850,68937.11,0.00008,true
1774542398850,68937.11,0.00008,true
1774542398850,68937.11,0.00008,true
1774542398850,68937.11,0.00008,true
1774542398850,68937.11,0.00008,true
1774542398850,68937.11,0.00008,true
1774542398850,68937.11,0.00008,true
1774542398850,68937.11,0.00008,true
1774542398850,68937.11,0.00008,true
1774542398850,68937.11,0.00008,true
1774542398850,68937.11,0.00008,true
1774542398850,68937.11,0.00008,true
1774542398850,68937.11,0.00008,true
1774542398850,68937.11,0.00008,true
1774542398850,68937.11,0.00008,true
1774542398850,68937.1,0.00008,true
1774542398850,68937.1,0.00008,true
1774542398850,68937.1,0.00008,true
1774542398850,68937.1,0.00008,true
1774542398850,68937.1,0.00008,true
1774542398850,68937.1,0.00008,true
1774542398850,68937.1,0.00008,true
1774542398850,68937.1,0.00008,true
1774542398850,68937.1,0.00008,true
1774542398865,68936,0.0004,true
1774542398865,68936,0.0004,true
1774542398865,68936,0.0004,true
1774542398865,68936,0.00008,true
1774542398865,68936,0.00008,true
1774542398865,68936,0.00008,true
1774542398865,68936,0.00008,true
1774542398865,68936,0.00008,true
1774542398865,68936,0.00008,true
1774542398865,68936,0.00008,true
1774542398865,68936,0.00008,true
1774542398865,68936,0.00008,true
1774542398865,68936,0.00008,true
1774542398865,68936,0.00008,true
1774542398865,68936,0.00008,true
1774542398865,68936,0.00008,true
1774542398865,68936,0.00008,true
1774542398865,68936,0.00008,true
1774542398865,68936,0.00008,true
1774542398865,68936,0.00008,true
1774542398865,68936,0.00008,true
1774542398865,68936,0.00008,true
1774542398865,68936,0.00008,true
1774542398865,68936,0.00008,true
1774542398865,68936,0.00008,true
1774542398865,68935.99,0.00008,true
1774542398865,68935.99,0.00008,true
1774542398865,68935.99,0.00008,true
1774542398865,68935.99,0.00008,true
1774542398865,68935.99,0.00008,true
1774542398865,68935.99,0.00008,true
1774542398865,68935.99,0.00008,true
1774542398865,68935.99,0.00008,true
1774542398865,68935.99,0.00008,true
1774542398865,68935.42,0.0047,true
1774542398865,68935.32,0.00008,true
1774542398865,68935.15,0.00088,true
1774542398865,68935.02,0.00008,true
1774542398865,68934.63,0.00008,true
1774542398865,68934.63,0.00008,true
1774542398865,68934.63,0.00008,true
1774542398865,68934.63,0.00008,true
1774542398865,68934.63,0.00008,true
1774542398865,68934,0.0004,true
1774542398865,68934,0.0004,true
1774542398865,68934,0.0004,true
1774542398865,68933.99,0.00008,true
1774542398865,68933.98,0.00353,true
1774542398865,68933.92,0.00008,true
1774542398865,68933.91,0.01018,true
1774542398865,68933.91,0.00008,true
1774542398865,68933.91,0.00008,true
1774542398865,68933.9,0.00008,true
1774542398865,68932.15,0.00008,true
1774542398865,68932.14,0.00015,true
1774542398865,68932.14,0.00008,true
1774542398865,68932.14,0.00008,true
1774542398865,68932.1,0.0044,true
1774542398865,68932,0.0004,true
1774542398865,68932,0.0004,true
1774542398865,68932,0.0004,true
1774542398881,68931.79,0.00028,true
1774542398909,68931.8,0.00029,false
1774542398967,68931.8,0.00008,false
1774542399852,68931.8,0.0029,false
1774542400117,68931.79,0.28877,true
1774542400225,68931.8,0.00014,false
1774542401386,68931.79,0.00047,true
1774542401386,68931.8,0.00203,false
1774542401416,68931.8,0.00076,false
1774542401461,68931.79,0.2,true
1774542401519,68931.8,0.00145,false
1774542401923,68931.8,0.00015,false
1774542402149,68931.8,0.05984,false
1774542402325,68931.79,0.14513,true
1774542402391,68931.8,0.00015,false
1774542402442,68931.8,0.00558,false
1774542402484,68931.8,0.19418,false
1774542402484,68931.8,0.00015,false
1774542402484,68931.8,0.00008,false
1774542402484,68931.8,0.00015,false
1774542402484,68931.8,0.00015,false
1774542402484,68931.8,0.00015,false
1774542402484,68931.8,0.00015,false
1774542402484,68931.8,0.00015,false
1774542402484,68931.8,0.00008,false
1774542402484,68931.8,0.0007,false
1774542402484,68931.8,0.00008,false
1774542402484,68931.8,0.00015,false
1774542402484,68931.8,0.01023,false
1774542402484,68931.8,0.00008,false
1774542402484,68931.8,0.00008,false
1774542402484,68931.8,0.00008,false
1774542402484,68931.8,0.00008,false
1774542402484,68931.8,0.00008,false
1774542402484,68931.8,0.00008,false
1774542402484,68931.8,0.00008,false
1774542402484,68931.8,0.00008,false
1774542402484,68931.8,0.00008,false
1774542402484,68931.8,0.00008,false
1774542402484,68931.8,0.00008,false
1774542402484,68931.8,0.00008,false
1774542402484,68931.8,0.00008,false
1774542402484,68931.8,0.00008,false
1774542402484,68931.8,0.00008,false
1774542402484,68931.8,0.00008,false
1774542402484,68931.8,0.00008,false
1774542402484,68931.8,0.00008,false
1774542402484,68931.8,0.00008,false
1774542402484,68931.8,0.00008,false
1774542402484,68931.8,0.00008,false
1774542402484,68931.8,0.00008,false
1774542402484,68931.8,0.00008,false
1774542402484,68931.8,0.00008,false
1774542402484,68931.8,0.00008,false
1774542402484,68931.8,0.00008,false
1774542402484,68931.8,0.00008,false
1774542402484,68931.8,0.00008,false
1774542402484,68931.8,0.00008,false
1774542402484,68931.8,0.00008,false
1774542402484,68931.81,0.00008,false
1774542402484,68931.81,0.00008,false
1774542402484,68931.81,0.00008,false
1774542402484,68931.81,0.00008,false
1774542402484,68931.81,0.00008,false
1774542402484,68931.81,0.00008,false
1774542402484,68931.81,0.00008,false
1774542402484,68931.81,0.00008,false
1774542402486,68932.77,0.00008,false
1774542402486,68932.77,0.00008,false
1774542402486,68932.77,0.00008,false
1774542402486,68932.77,0.00008,false
1774542402486,68932.77,0.00008,false
1774542402486,68932.77,0.00008,false
1774542402486,68932.77,0.00008,false
1774542402486,68932.77,0.00008,false
1774542402486,68932.77,0.00008,false
1774542402486,68932.77,0.00008,false
1774542402486,68932.77,0.00008,false
1774542402486,68932.77,0.00008,false
1774542402486,68932.77,0.00008,false
1774542402486,68932.77,0.00008,false
1774542402486,68932.77,0.00008,false
1774542402486,68932.77,0.00008,false
1774542402486,68932.77,0.00008,false
1774542402486,68932.78,0.00008,false
1774542402486,68932.78,0.00008,false
1774542402564,68933.9,0.00008,false
1774542402564,68933.9,0.00008,false
1774542402564,68933.9,0.00015,false
1774542402564,68933.9,0.00008,false
1774542402564,68933.9,0.00008,false
1774542402564,68933.9,0.00008,false
1774542402564,68933.9,0.00008,false
1774542402564,68933.9,0.00008,false
1774542402564,68933.9,0.00008,false
1774542402564,68933.9,0.00008,false
1774542402564,68933.9,0.00008,false
1774542402564,68933.9,0.00008,false
1774542402564,68933.9,0.00008,false
1774542402564,68933.9,0.00008,false
1774542402564,68933.9,0.00008,false
1774542402564,68933.9,0.00008,false
1774542402564,68933.9,0.00008,false
1774542402564,68933.9,0.00008,false
1774542402564,68933.9,0.00008,false
1774542402564,68933.9,0.00008,false
1774542402564,68933.9,0.00008,false
1774542402564,68933.9,0.00008,false
1774542402564,68933.9,0.00008,false
1774542402564,68933.9,0.00008,false
1774542402564,68933.9,0.00008,false
1774542402564,68933.9,0.0007,false
1774542402564,68933.9,0.00008,false
1774542402564,68933.9,0.00008,false
1774542402564,68933.9,0.00048,false
1774542402564,68933.9,0.00008,false
1774542402564,68933.9,0.00008,false
1774542402564,68933.9,0.00008,false
1774542402564,68933.91,0.00008,false
1774542402564,68933.91,0.00008,false
1774542402564,68933.91,0.00008,false
1774542402564,68933.91,0.00008,false
1774542402564,68933.91,0.00008,false
1774542402564,68933.91,0.00008,false
1774542402564,68933.91,0.00008,false
1774542402564,68933.91,0.00008,false
1774542402564,68935.99,0.00008,false
1774542402564,68935.99,0.01462,false
1774542402564,68935.99,0.0455,false
1774542402631,68936,0.00008,false
1774542402631,68936,0.00007,false
1774542402683,68936,0.00008,false
1774542402683,68936,0.00015,false
1774542402683,68936,0.00008,false
1774542402683,68936,0.00008,false
1774542402683,68936,0.00008,false
1774542402683,68936,0.00008,false
1774542402683,68936,0.00008,false
1774542402683,68936,0.00008,false
1774542402683,68936,0.00008,false
1774542402683,68936,0.00008,false
1774542402683,68936,0.00015,false
1774542402683,68936,0.00015,false
1774542402683,68936,0.00008,false
1774542402683,68936,0.00008,false
1774542402683,68936,0.00008,false
1774542402683,68936,0.00008,false
1774542402683,68936,0.00008,false
1774542402683,68936,0.00008,false
1774542402683,68936,0.00008,false
1774542402683,68936,0.00008,false
1774542402683,68936,0.00008,false
1774542402683,68936.01,0.00008,false
1774542402683,68936.01,0.00008,false
1774542402683,68936.01,0.00008,false
1774542402683,68936.01,0.00008,false
1774542402683,68936.01,0.00008,false
1774542402683,68936.01,0.00008,false
1774542402683,68936.01,0.00008,false
1774542402683,68936.01,0.00008,false
1774542402683,68936.01,0.00008,false
1774542402683,68936.01,0.00008,false
1774542402683,68936.63,0.003,false
1774542402683,68937.1,0.00008,false
1774542402685,68937.11,0.00008,false
1774542402685,68937.11,0.00008,false
1774542402685,68937.11,0.01999,false
1774542403363,68937.11,0.00008,false
1774542403363,68937.11,0.00007,false
1774542403861,68937.1,0.00314,true
1774542404139,68937.11,0.00008,false
1774542404139,68937.11,0.00008,false
1774542404139,68937.11,0.00008,false
1774542404139,68937.11,0.00008,false
1774542404139,68937.11,0.00008,false
1774542404139,68937.11,0.00008,false
1774542404139,68937.11,0.00008,false
1774542404139,68937.11,0.00008,false
1774542404139,68937.11,0.00008,false
1774542404139,68937.11,0.00008,false
1774542404139,68937.11,0.00008,false
1774542404139,68937.11,0.00008,false
1774542404139,68937.11,0.00008,false
1774542404139,68937.11,0.00008,false
1774542404139,68937.11,0.00008,false
1774542404139,68937.11,0.00008,false
1774542404139,68937.11,0.00008,false
1774542404139,68937.11,0.00015,false
1774542404139,68937.11,0.04512,false
1774542404141,68937.11,0.00015,false
1774542404141,68937.11,0.00008,false
1774542404141,68937.11,0.00008,false
1774542404141,68937.11,0.00008,false
1774542404141,68937.11,0.00008,false
1774542404141,68937.11,0.00008,false
1774542404141,68937.11,0.00008,false
1774542404141,68937.11,0.00008,false
1774542404141,68937.11,0.00008,false
1774542404141,68937.11,0.00008,false
1774542404141,68937.11,0.00008,false
1774542404141,68937.11,0.00008,false
1774542404141,68937.11,0.00008,false
1774542404141,68937.11,0.00008,false
1774542404141,68937.11,0.00008,false
1774542404141,68937.11,0.00008,false
1774542404141,68937.11,0.122,false
1774542404141,68937.11,0.00008,false
1774542404141,68937.11,0.00008,false
1774542404141,68937.11,0.00008,false
1774542404141,68937.11,0.00008,false
1774542404141,68937.11,0.00008,false
1774542404141,68937.11,0.00008,false
1774542404141,68937.11,0.00008,false
1774542404141,68937.11,0.00008,false
1774542404141,68937.11,0.00008,false
1774542404141,68937.11,0.00008,false
1774542404141,68937.11,0.00008,false
1774542404141,68937.12,0.00008,false
1774542404141,68937.12,0.00008,false
1774542404141,68937.12,0.00008,false
1774542404141,68937.12,0.00008,false
1774542404141,68937.12,0.00008,false
1774542404141,68937.12,0.00008,false
1774542404141,68937.12,0.00008,false
1774542404141,68937.12,0.00008,false
1774542404141,68937.12,0.00008,false
1774542404141,68937.12,0.00008,false
1774542404141,68937.12,0.00008,false
1774542404141,68937.12,0.00008,false
1774542404141,68937.12,0.00008,false
1774542404141,68937.12,0.00008,false
1774542404141,68937.41,0.00008,false
1774542404141,68937.41,0.00008,false
1774542404141,68937.41,0.00008,false
1774542404141,68937.41,0.00008,false
1774542404141,68937.41,0.00008,false
1774542404141,68937.45,0.00008,false
1774542404141,68937.46,0.00008,false
1774542404141,68937.46,0.00008,false
1774542404141,68937.9,0.00008,false
1774542404141,68937.9,0.00008,false
1774542404141,68937.99,0.00008,false
1774542404141,68938,0.00008,false
1774542404141,68938,0.00008,false
1774542404141,68938,0.00008,false
1774542404141,68938,0.00008,false
1774542404141,68938.01,0.00008,false
1774542404141,68938.01,0.00008,false
1774542404141,68938.23,0.00008,false
1774542404141,68938.24,0.00008,false
1774542404141,68938.24,0.00008,false
1774542404141,68938.24,0.00008,false
1774542404141,68938.24,0.00008,false
1774542404141,68938.24,0.00008,false
1774542404141,68938.28,0.00008,false
1774542404141,68938.38,0.00008,false
1774542404141,68938.39,0.00008,false
1774542404141,68938.39,0.00008,false
1774542404141,68938.39,0.00008,false
1774542404141,68938.39,0.00008,false
1774542404141,68938.39,0.00008,false
1774542404141,68938.39,0.00008,false
1774542404141,68938.39,0.00008,false
1774542404141,68938.39,0.00008,false
1774542404141,68938.39,0.00008,false
1774542404141,68938.39,0.00008,false
1774542404141,68938.54,0.00008,false
1774542404141,68938.54,0.00008,false
1774542404141,68938.56,0.00008,false
1774542404141,68938.57,0.00657,false
1774542404141,68938.57,0.00008,false
1774542404141,68938.97,0.00008,false
1774542404141,68939.45,0.00008,false
1774542404152,68940.38,0.00014,false
1774542404303,68940.37,0.005,true
1774542404405,68940.38,0.0002,false
1774542404607,68940.37,0.00797,true
1774542404953,68940.38,0.00025,false
1774542405255,68940.37,0.00008,true
1774542405255,68940.37,0.00015,true
1774542405255,68940.37,0.002,true
1774542405255,68940.37,0.00015,true
1774542405255,68940.37,0.00015,true
1774542405255,68940.37,0.00008,true
1774542405255,68940.37,0.00008,true
1774542405255,68940.37,0.00201,true
1774542405263,68940.38,0.0008,false
1774542405318,68940.37,0.01,true
1774542405318,68940.37,0.00008,true
1774542405318,68940.37,0.00008,true
1774542405318,68940.37,0.00008,true
1774542405318,68940.37,0.00008,true
1774542405318,68940.37,0.00008,true
1774542405318,68940.37,0.00008,true
1774542405318,68940.37,0.00008,true
1774542405318,68940.37,0.00008,true
1774542405318,68940.37,0.00008,true
1774542405318,68940.37,0.00008,true
1774542405318,68940.37,0.00008,true
1774542405318,68940.37,0.00008,true
1774542405318,68940.37,0.00015,true
1774542405318,68940.37,0.00008,true
1774542405318,68940.37,0.00008,true
1774542405318,68940.37,0.00008,true
1774542405318,68940.37,0.00008,true
1774542405318,68940.37,0.00008,true
1774542405318,68940.37,0.00008,true
1774542405318,68940.37,0.00008,true
1774542405318,68940.37,0.00008,true
1774542405318,68940.37,0.00008,true
1774542405318,68940.36,0.00008,true
1774542405318,68940.36,0.00008,true
1774542405318,68939.93,0.00009,true
1774542405318,68939.44,0.00008,true
1774542405318,68939.44,0.00008,true
1774542405318,68939.36,0.00008,true
1774542405318,68939.36,0.00008,true
1774542405318,68938.98,0.00008,true
1774542405318,68938.81,0.00008,true
1774542405443,68938.8,0.0026,true
1774542405946,68938.81,0.00168,false
1774542406084,68938.81,0.00034,false
1774542406161,68938.81,0.00022,false
1774542406265,68938.8,0.00008,true
1774542406265,68938.8,0.00008,true
1774542406265,68938.8,0.00008,true
1774542406265,68938.8,0.00008,true
1774542406265,68938.8,0.00008,true
1774542406265,68938.8,0.00008,true
1774542406265,68938.8,0.00008,true
1774542406265,68938.8,0.00008,true
1774542406265,68938.8,0.00008,true
1774542406265,68938.8,0.00008,true
1774542406265,68938.8,0.00015,true
1774542406265,68938.8,0.00008,true
1774542406265,68938.8,0.00015,true
1774542406265,68938.8,0.00008,true
1774542406265,68938.8,0.0007,true
1774542406265,68938.8,0.00048,true
1774542406265,68938.8,0.00008,true
1774542406265,68938.8,0.00008,true
1774542406265,68938.8,0.00008,true
1774542406265,68938.8,0.00008,true
1774542406265,68938.8,0.00008,true
1774542406265,68938.8,0.00008,true
1774542406265,68938.8,0.00732,true
1774542406265,68938.8,0.00008,true
1774542406265,68938.8,0.00008,true
1774542406265,68938.8,0.00732,true
1774542406265,68938.8,0.00732,true
1774542406265,68938.8,0.00732,true
1774542406265,68938.8,0.00732,true
1774542406265,68938.8,0.00421,true
1774542406265,68938.79,0.00008,true
1774542406265,68938.79,0.00008,true
1774542406265,68938.79,0.00008,true
1774542406265,68938.79,0.00008,true
1774542406265,68938.79,0.00008,true
1774542406265,68938.79,0.00008,true
1774542406265,68938.79,0.00008,true
1774542406265,68938.79,0.00008,true
1774542406265,68938.38,0.00008,true
1774542406265,68938.37,0.00008,true
1774542406265,68938.37,0.00008,true
1774542406265,68937.45,0.00008,true
1774542406348,68937.1,0.00008,true
1774542406348,68937.1,0.00138,true
1774542406348,68937.1,0.00008,true
1774542406348,68937.1,0.00008,true
1774542406348,68937.1,0.00008,true
1774542406348,68937.1,0.00008,true
1774542406348,68937.1,0.00008,true
1774542406348,68937.1,0.00008,true
1774542406348,68937.1,0.00008,true
1774542406348,68937.1,0.00008,true
1774542406348,68937.1,0.00008,true
1774542406348,68937.1,0.00015,true
1774542406348,68937.1,0.00008,true
1774542406348,68937.1,0.00008,true
1774542406348,68937.1,0.00008,true
1774542406348,68937.1,0.00008,true
1774542406348,68937.1,0.00008,true
1774542406348,68937.1,0.00008,true
1774542406348,68937.1,0.00008,true
1774542406348,68937.1,0.00008,true
1774542406348,68937.1,0.00008,true
1774542406348,68937.1,0.00008,true
1774542406348,68937.1,0.00015,true
1774542406348,68937.1,0.00008,true
1774542406348,68937.1,0.00008,true
1774542406348,68937.1,0.00008,true
1774542406348,68937.1,0.00008,true
1774542406348,68937.1,0.00008,true
1774542406348,68937.1,0.00008,true
1774542406348,68937.1,0.00008,true
1774542406348,68937.1,0.00008,true
1774542406348,68937.1,0.00008,true
1774542406348,68937.1,0.00008,true
1774542406348,68937.1,0.00008,true
1774542406348,68937.1,0.00008,true
1774542406348,68937.1,0.00008,true
1774542406348,68937.09,0.00008,true
1774542406348,68937.09,0.00008,true
1774542406348,68937.09,0.00008,true
1774542406348,68937.09,0.00008,true
1774542406348,68937.09,0.00008,true
1774542406348,68937.09,0.00008,true
1774542406348,68937.09,0.00008,true
1774542406348,68937.09,0.00008,true
1774542406348,68937.09,0.00008,true
1774542406348,68937.09,0.00008,true
1774542406348,68936,0.00008,true
1774542406348,68936,0.00008,true
1774542406348,68935.99,0.00008,true
1774542406348,68935.99,0.00008,true
1774542406348,68935.99,0.00008,true
1774542406348,68935.99,0.00008,true
1774542406348,68935.67,0.00008,true
1774542406348,68935.09,0.00008,true
1774542406348,68934.77,0.00008,true
1774542406348,68934.77,0.00008,true
1774542406348,68934.77,0.00008,true
1774542406348,68934.77,0.00008,true
1774542406348,68933.92,0.00008,true
1774542406348,68933.92,0.00008,true
1774542406348,68933.92,0.00008,true
1774542406348,68933.92,0.00008,true
1774542406348,68933.92,0.00008,true
1774542406348,68933.9,0.00008,true
1774542406348,68933.9,0.00008,true
1774542406409,68933.89,0.00008,true
1774542406409,68933.89,0.00008,true
1774542406409,68933.89,0.00008,true
1774542406409,68933.89,0.00008,true
1774542406409,68933.89,0.00015,true
1774542406409,68933.89,0.00008,true
1774542406409,68933.89,0.00008,true
1774542406409,68933.89,0.00008,true
1774542406409,68933.89,0.00008,true
1774542406409,68933.89,0.00008,true
1774542406409,68933.89,0.00008,true
1774542406409,68933.89,0.00008,true
1774542406409,68933.89,0.00008,true
1774542406409,68933.89,0.00008,true
1774542406409,68933.89,0.00008,true
1774542406409,68933.89,0.00008,true
1774542406409,68933.89,0.00008,true
1774542406409,68933.89,0.00008,true
1774542406409,68933.89,0.00008,true
1774542406409,68933.89,0.00008,true
1774542406409,68933.89,0.00008,true
1774542406409,68933.89,0.00008,true
1774542406409,68933.89,0.00008,true
1774542406409,68933.89,0.00008,true
1774542406409,68933.89,0.00008,true
1774542406409,68933.89,0.00008,true
1774542406409,68933.89,0.00008,true
1774542406409,68933.89,0.00015,true
1774542406409,68933.89,0.00008,true
1774542406409,68933.89,0.00008,true
1774542406409,68933.89,0.00008,true
1774542406409,68933.89,0.00008,true
1774542406409,68933.89,0.00008,true
1774542406409,68933.89,0.00008,true
1774542406409,68933.89,0.00008,true
1774542406409,68933.89,0.00008,true
1774542406409,68933.89,0.0007,true
1774542406409,68933.89,0.00008,true
1774542406409,68933.89,0.00008,true
1774542406409,68933.89,0.00008,true
1774542406409,68933.89,0.00008,true
1774542406409,68933.89,0.00008,true
1774542406409,68933.89,0.00008,true
1774542406409,68933.89,0.00008,true
1774542406409,68933.89,0.00008,true
1774542406409,68933.88,0.00008,true
1774542406409,68933.88,0.00008,true
1774542406409,68933.88,0.00008,true
1774542406409,68933.88,0.00008,true
1774542406409,68933.88,0.00008,true
1774542406409,68933.88,0.00008,true
1774542406409,68933.88,0.00008,true
1774542406409,68933.88,0.00008,true
1774542406409,68933.88,0.00008,true
1774542406409,68933.09,0.00008,true
1774542406670,68933.08,0.00083,true
1774542406878,68933.09,0.00979,false
1774542406902,68933.08,0.00018,true
1774542406957,68933.08,0.06003,true
1774542406957,68933.08,0.0851,true
1774542407143,68933.09,0.05366,false
1774542407287,68933.09,0.04826,false
1774542407430,68933.09,0.00029,false
1774542407507,68933.09,0.00725,false
1774542407792,68933.08,0.0006,true
1774542407927,68933.09,0.00048,false
1774542408299,68933.09,0.00251,false
1774542408299,68933.09,0.01501,false
1774542408623,68933.08,0.00021,true
1774542408808,68933.08,0.01813,true
1774542409109,68933.09,0.01609,false
1774542409751,68933.09,0.00008,false
1774542409751,68933.09,0.00015,false
1774542409751,68933.09,0.00015,false
1774542409751,68933.09,0.00008,false
1774542409751,68933.09,0.00008,false
1774542409751,68933.09,0.00015,false
1774542409751,68933.09,0.00589,false
1774542409751,68933.09,0.00008,false
1774542409751,68933.09,0.00008,false
1774542409751,68933.09,0.25413,false
1774542409751,68933.09,0.02527,false
1774542409751,68933.09,0.007,false
1774542409751,68933.09,0.01751,false
1774542409751,68933.09,0.00008,false
1774542409751,68933.09,0.00008,false
1774542409751,68933.09,0.00008,false
1774542409751,68933.09,0.00008,false
1774542409751,68933.09,0.00008,false
1774542409751,68933.09,0.00008,false
1774542409751,68933.09,0.00008,false
1774542409751,68933.09,0.00008,false
1774542409751,68933.09,0.00008,false
1774542409751,68933.09,0.00008,false
1774542409751,68933.09,0.00008,false
1774542409751,68933.09,0.00008,false
1774542409751,68933.09,0.00008,false
1774542409751,68933.09,0.00008,false
1774542409751,68933.09,0.00047,false
1774542409751,68933.09,0.00008,false
1774542409751,68933.09,0.00008,false
1774542409751,68933.09,0.00008,false
1774542409751,68933.09,0.00008,false
1774542409751,68933.09,0.00008,false
1774542409751,68933.09,0.00008,false
1774542409751,68933.09,0.00008,false
1774542409751,68933.09,0.00008,false
1774542409751,68933.09,0.00008,false
1774542409751,68933.09,0.00008,false
1774542409751,68933.09,0.00008,false
1774542409751,68933.09,0.00008,false
1774542409751,68933.09,0.00008,false
1774542409751,68933.09,0.00008,false
1774542409751,68933.1,0.00008,false
1774542409751,68933.1,0.00008,false
1774542409751,68933.1,0.00008,false
1774542409751,68933.1,0.00008,false
1774542409751,68933.1,0.00008,false
1774542409752,68933.87,0.00008,false
1774542409752,68933.87,0.00008,false
1774542409752,68933.87,0.00008,false
1774542409752,68933.89,0.00008,false
1774542410989,68933.9,0.00008,false
1774542410989,68933.9,0.00427,false
1774542411144,68933.9,0.00008,false
1774542411144,68933.9,0.00008,false
1774542411144,68933.9,0.00015,false
1774542411144,68933.9,0.00008,false
1774542411144,68933.9,0.00008,false
1774542411144,68933.9,0.00008,false
1774542411144,68933.9,0.00015,false
1774542411144,68933.9,0.00008,false
1774542411144,68933.9,0.00008,false
1774542411144,68933.9,0.007,false
1774542411144,68933.9,0.00008,false
1774542411144,68933.9,0.00008,false
1774542411144,68933.9,0.00008,false
1774542411144,68933.9,0.00008,false
1774542411144,68933.9,0.00008,false
1774542411144,68933.9,0.00008,false
1774542411144,68933.9,0.00008,false
1774542411144,68933.9,0.00008,false
1774542411144,68933.9,0.0007,false
1774542411144,68933.9,0.00008,false
1774542411144,68933.9,0.00008,false
1774542411144,68933.9,0.00008,false
1774542411144,68933.9,0.00008,false
1774542411144,68933.9,0.00008,false
1774542411144,68933.9,0.00008,false
1774542411144,68933.9,0.00008,false
1774542411144,68933.9,0.00008,false
1774542411144,68933.9,0.00008,false
1774542411144,68933.9,0.00008,false
1774542411144,68933.9,0.00008,false
1774542411144,68933.91,0.00008,false
1774542411144,68933.91,0.00008,false
1774542411144,68933.91,0.00008,false
1774542411144,68933.91,0.00008,false
1774542411144,68933.91,0.00008,false
1774542411144,68933.91,0.00008,false
1774542411144,68933.91,0.00008,false
1774542411144,68934.9,0.00008,false
1774542411144,68934.91,0.00008,false
1774542411145,68934.92,0.00008,false
1774542411145,68934.92,0.01621,false
1774542411268,68934.92,0.00008,false
1774542411268,68934.92,0.00008,false
1774542411268,68934.92,0.00008,false
1774542411268,68934.92,0.00008,false
1774542411268,68934.92,0.00008,false
1774542411268,68934.92,0.00008,false
1774542411268,68934.92,0.00008,false
1774542411268,68934.92,0.00008,false
1774542411268,68934.92,0.00008,false
1774542411268,68934.92,0.00015,false
1774542411268,68934.92,0.00008,false
1774542411268,68934.92,0.00008,false
1774542411268,68934.92,0.00008,false
1774542411268,68934.92,0.00015,false
1774542411268,68934.92,0.00008,false
1774542411268,68934.92,0.00008,false
1774542411268,68934.92,0.00008,false
1774542411268,68934.92,0.00008,false
1774542411268,68934.92,0.00008,false
1774542411268,68934.92,0.00008,false
1774542411268,68934.92,0.00008,false
1774542411268,68934.92,0.00008,false
1774542411268,68934.93,0.00008,false
1774542411268,68934.93,0.00008,false
1774542411268,68934.93,0.00008,false
1774542411268,68934.93,0.00008,false
1774542411268,68934.93,0.00008,false
1774542411268,68935.53,0.00008,false
1774542411268,68935.98,0.00008,false
1774542411268,68935.99,0.00589,false
1774542411268,68935.99,0.00008,false
1774542411268,68936,0.00008,false
1774542411268,68936,0.00008,false
1774542411268,68937.11,0.00008,false
1774542411268,68937.11,0.00008,false
1774542411268,68937.11,0.00008,false
1774542411268,68937.11,0.00008,false
1774542411268,68937.11,0.00008,false
1774542411268,68937.45,0.00008,false
1774542411268,68937.92,0.003,false
1774542411268,68938.2,0.00194,false
1774542411268,68938.39,0.00008,false
1774542411268,68938.39,0.00008,false
1774542411268,68938.81,0.00008,false
1774542411268,68938.81,0.00008,false
1774542411268,68938.81,0.00008,false
1774542411268,68938.81,0.00008,false
1774542411268,68939.45,0.00008,false
1774542411268,68939.72,0.0003,false
1774542411317,68939.96,0.003,true
1774542411511,68939.97,0.00356,false
1774542411749,68939.96,0.10489,true
1774542411798,68939.96,0.08008,true
1774542411798,68939.96,0.06504,true
1774542411917,68939.96,0.00057,true
1774542412664,68939.97,0.00157,false
1774542413022,68939.97,0.00104,false
1774542413329,68939.97,0.00011,false
1774542413366,68939.97,0.00049,false
1774542413666,68939.96,0.00151,true
1774542413807,68939.96,0.00015,true
1774542413965,68939.96,0.00008,true
1774542413965,68939.96,0.00015,true
1774542413965,68939.96,0.00015,true
1774542413965,68939.96,0.00015,true
1774542413965,68939.96,0.00015,true
1774542413965,68939.96,0.00596,true
1774542413965,68939.96,0.00008,true
1774542413965,68939.96,0.00008,true
1774542413965,68939.96,0.00008,true
1774542413965,68939.96,0.00008,true
1774542413965,68939.96,0.00008,true
1774542413965,68939.96,0.00008,true
1774542413965,68939.96,0.00008,true
1774542413965,68939.96,0.00008,true
1774542413965,68939.96,0.00733,true
1774542413965,68939.96,0.00008,true
1774542413965,68939.96,0.00008,true
1774542413965,68939.96,0.00008,true
1774542413965,68939.96,0.00008,true
1774542413965,68939.96,0.00008,true
1774542413965,68939.96,0.00008,true
1774542413965,68939.96,0.00008,true
1774542413965,68939.96,0.00008,true
1774542413965,68939.96,0.00008,true
1774542413965,68939.96,0.00008,true
1774542413965,68939.96,0.00008,true
1774542413965,68939.96,0.00733,true
1774542413965,68939.96,0.00008,true
1774542413965,68939.96,0.00008,true
1774542413965,68939.96,0.00008,true
1774542413965,68939.96,0.00008,true
1774542413965,68939.96,0.00008,true
1774542413965,68939.96,0.00008,true
1774542413965,68939.96,0.00733,true
1774542413965,68939.96,0.00008,true
1774542413965,68939.96,0.00733,true
1774542413965,68939.96,0.00008,true
1774542413965,68939.96,0.00006,true
1774542413965,68939.96,0.00008,true
1774542413965,68939.96,0.00733,true
1774542413965,68939.96,0.00008,true
1774542413965,68939.96,0.00008,true
1774542413965,68939.96,0.00583,true
1774542413965,68939.96,0.00008,true
1774542413965,68939.96,0.00008,true
1774542413965,68939.95,0.00008,true
1774542413965,68939.95,0.00008,true
1774542413965,68939.95,0.00008,true
1774542413965,68939.95,0.00008,true
1774542413965,68939.95,0.00008,true
1774542413965,68939.95,0.00008,true
1774542413965,68939.95,0.00008,true
1774542413965,68939.95,0.00008,true
1774542413965,68939.95,0.00008,true
1774542413965,68939.09,0.00008,true
1774542413965,68939.08,0.00008,true
1774542413965,68939.08,0.00008,true
1774542413965,68937.77,0.00008,true
1774542413965,68937.77,0.00008,true
1774542413965,68937.45,0.00008,true
1774542413965,68937.39,0.00008,true
1774542413965,68937.39,0.00008,true
1774542413965,68937.39,0.00008,true
1774542414049,68937.38,0.00008,true
1774542414049,68937.38,0.00008,true
1774542414049,68937.38,0.00008,true
1774542414049,68937.38,0.00008,true
1774542414049,68937.38,0.00008,true
1774542414049,68937.38,0.00008,true
1774542414049,68937.38,0.00008,true
1774542414049,68937.38,0.00008,true
1774542414049,68937.38,0.00008,true
1774542414049,68937.38,0.00008,true
1774542414049,68937.38,0.00015,true
1774542414049,68937.38,0.00008,true
1774542414049,68937.38,0.00008,true
1774542414049,68937.38,0.00008,true
1774542414049,68937.38,0.00008,true
1774542414049,68937.38,0.00008,true
1774542414049,68937.38,0.00008,true
1774542414049,68937.38,0.00008,true
1774542414049,68937.38,0.00008,true
1774542414049,68937.38,0.00008,true
1774542414049,68937.38,0.00008,true
1774542414049,68937.38,0.00008,true
1774542414049,68937.38,0.00008,true
1774542414049,68937.38,0.00015,true
1774542414049,68937.38,0.00008,true
1774542414049,68937.38,0.00008,true
1774542414049,68937.38,0.00008,true
1774542414049,68937.38,0.00008,true
1774542414049,68937.38,0.00008,true
1774542414049,68937.37,0.00008,true
1774542414049,68937.37,0.00008,true
1774542414049,68937.37,0.00008,true
1774542414049,68937.37,0.00008,true
1774542414049,68937.37,0.00008,true
1774542414049,68937.37,0.00008,true
1774542414049,68937.37,0.00008,true
1774542414049,68937.37,0.00008,true
1774542414049,68937.37,0.00008,true
1774542414049,68935.99,0.00008,true
1774542414049,68935.98,0.00008,true
1774542414049,68935.97,0.00008,true
1774542414049,68935.97,0.00008,true
1774542414049,68934.92,0.00008,true
1774542414049,68934.91,0.00008,true
1774542414049,68934.91,0.00008,true
1774542414049,68934.87,0.13056,true
1774542414049,68933.9,0.00008,true
1774542414049,68933.9,0.00008,true
1774542414049,68933.89,0.00008,true
1774542414049,68933.89,0.00692,true
1774542414049,68933.89,0.00008,true
1774542414049,68933.89,0.00008,true
1774542414049,68933.89,0.00008,true
1774542414049,68933.86,0.00008,true
1774542414049,68933.86,0.00008,true
1774542414049,68933.1,0.00008,true
1774542414132,68933.1,0.00018,false
1774542414342,68933.1,0.00021,false
1774542415270,68933.1,0.0029,false
1774542415695,68933.1,0.00223,false
1774542415698,68933.1,0.00008,false
1774542416797,68933.09,0.00008,true
1774542416797,68933.09,0.02263,true
1774542416797,68933.09,0.00733,true
1774542416797,68933.09,0.00008,true
1774542416797,68933.09,0.00008,true
1774542416797,68933.09,0.06053,true
1774542416797,68933.09,0.0544,true
1774542416954,68933.1,0.0002,false
1774542417150,68933.1,0.03678,false
1774542417666,68933.1,0.0002,false
1774542417678,68933.09,0.0043,true
1774542418024,68933.09,0.00011,true
1774542418030,68933.1,0.0002,false
1774542418768,68933.1,0.0002,false
1774542418885,68933.1,0.01664,false
1774542418885,68933.1,0.19931,false
1774542418885,68933.1,0.02903,false
1774542419280,68933.09,0.00007,true
1774542419483,68933.1,0.0002,false
1774542419512,68933.09,0.00015,true
1774542419512,68933.09,0.00008,true
1774542419512,68933.09,0.00008,true
1774542419512,68933.09,0.00015,true
1774542419512,68933.09,0.00008,true
1774542419512,68933.09,0.00015,true
1774542419512,68933.09,0.00288,true
1774542420327,68933.1,0.00008,false
1774542420327,68933.1,0.00008,false
1774542420327,68933.1,0.00015,false
1774542420327,68933.1,0.00012,false
1774542420906,68933.1,0.00003,false
1774542420906,68933.1,0.00027,false
1774542421232,68933.09,0.00425,true
1774542421232,68933.09,0.00008,true
1774542421232,68933.09,0.00182,true
1774542421257,68933.09,0.00016,true
1774542421318,68933.1,0.00015,false
1774542421318,68933.1,0.00015,false
1774542421318,68933.1,0.00008,false
1774542421318,68933.1,0.00008,false
1774542421318,68933.1,0.00114,false
1774542421712,68933.09,0.0002,true
1774542421893,68933.09,0.00515,true
1774542421893,68933.09,0.00008,true
1774542421893,68933.09,0.00008,true
1774542421893,68933.09,0.10855,true
1774542421893,68933.09,0.03126,true
1774542422148,68933.09,0.00009,true
1774542422158,68933.1,0.04023,false
1774542422259,68933.09,0.00105,true
1774542422359,68933.09,0.00033,true
1774542423317,68933.09,0.0002,true
1774542423317,68933.09,0.00048,true
1774542423317,68933.09,0.00069,true
1774542423317,68933.09,0.00111,true
1774542423317,68933.09,0.00015,true
1774542423317,68933.09,0.00093,true
1774542423379,68933.1,0.00055,false
1774542423856,68933.1,0.00007,false
1774542423910,68933.1,0.00181,false
1774542424138,68933.1,0.05018,false
1774542424765,68933.09,0.00707,true
1774542424765,68933.09,0.00015,true
1774542424765,68933.09,0.00015,true
1774542424765,68933.09,0.0145,true
1774542424765,68933.09,0.00008,true
1774542424765,68933.09,0.00008,true
1774542424765,68933.09,0.00008,true
1774542424765,68933.09,0.00008,true
1774542424765,68933.09,0.00008,true
1774542424765,68933.09,0.00008,true
1774542424765,68933.09,0.00008,true
1774542424765,68933.09,0.00008,true
1774542424765,68933.09,0.00008,true
1774542424765,68933.09,0.00008,true
1774542424765,68933.09,0.00008,true
1774542424765,68933.09,0.00008,true
1774542424765,68933.09,0.00008,true
1774542424765,68933.09,0.00008,true
1774542424765,68933.09,0.00008,true
1774542424765,68933.09,0.00008,true
1774542424765,68933.09,0.00008,true
1774542424765,68933.09,0.00008,true
1774542424765,68933.09,0.00008,true
1774542424765,68933.09,0.0145,true
1774542424765,68933.09,0.00733,true
1774542424765,68933.09,0.00008,true
1774542424765,68933.09,0.00008,true
1774542424765,68933.09,0.0145,true
1774542424765,68933.09,0.00008,true
1774542424765,68933.09,0.00008,true
1774542424765,68933.09,0.00008,true
1774542424765,68933.09,0.00008,true
1774542424765,68933.09,0.00008,true
1774542424765,68933.09,0.00008,true
1774542424765,68933.09,0.00008,true
1774542424765,68933.09,0.00733,true
1774542424765,68933.09,0.00008,true
1774542424765,68933.09,0.00733,true
1774542424765,68933.09,0.00733,true
1774542424765,68933.09,0.00733,true
1774542424765,68933.09,0.00733,true
1774542424765,68933.09,0.00733,true
1774542424765,68933.09,0.00125,true
1774542425505,68933.09,0.00062,false
1774542427042,68933.08,0.00008,true
1774542427042,68933.08,0.00008,true
1774542427042,68933.08,0.05535,true
1774542427042,68933.08,0.08962,true
1774542427150,68933.08,0.00011,true
1774542427159,68933.09,0.0001,false
1774542427875,68933.08,0.00145,true
1774542428115,68933.09,0.00005,false
1774542428115,68933.09,0.00008,false
1774542428115,68933.09,0.00015,false
1774542428115,68933.09,0.00973,false
1774542428115,68933.09,0.00015,false
1774542428115,68933.09,0.00047,false
1774542428115,68933.09,0.0007,false
1774542428115,68933.09,0.007,false
1774542428115,68933.09,0.04572,false
1774542428115,68933.09,0.00008,false
1774542428115,68933.09,0.00008,false
1774542428115,68933.09,0.00008,false
1774542428115,68933.09,0.00008,false
1774542428115,68933.09,0.00008,false
1774542428115,68933.09,0.00008,false
1774542428115,68933.09,0.00008,false
1774542428115,68933.09,0.00008,false
1774542428115,68933.09,0.00008,false
1774542428115,68933.09,0.00008,false
1774542428115,68933.09,0.00008,false
1774542428115,68933.09,0.00008,false
1774542428115,68933.09,0.00008,false
1774542428115,68933.09,0.00008,false
1774542428115,68933.09,0.00008,false
1774542428115,68933.09,0.00008,false
1774542428115,68933.09,0.00008,false
1774542428115,68933.09,0.00008,false
1774542428115,68933.09,0.00008,false
1774542428115,68933.09,0.00008,false
1774542428115,68933.09,0.00008,false
1774542428115,68933.09,0.00008,false
1774542428115,68933.09,0.00008,false
1774542428115,68933.1,0.00008,false
1774542428115,68933.1,0.00008,false
1774542428115,68933.1,0.00008,false
1774542428115,68933.1,0.00008,false
1774542428115,68933.1,0.00008,false
1774542428115,68933.1,0.00008,false
1774542428115,68933.1,0.00008,false
1774542428115,68933.1,0.00008,false
1774542428115,68933.1,0.00008,false
1774542428115,68933.1,0.00008,false
1774542428115,68933.1,0.00008,false
1774542428115,68933.1,0.00008,false
1774542428115,68933.1,0.00008,false
1774542428115,68933.84,0.00008,false
1774542428115,68933.85,0.00008,false
1774542428115,68933.85,0.00008,false
1774542428115,68933.9,0.00008,false
1774542428115,68934.15,0.00008,false
1774542428115,68934.32,0.00008,false
1774542428115,68934.33,0.00008,false
1774542428115,68934.33,0.00008,false
1774542428115,68934.33,0.01325,false
1774542428115,68934.33,0.00008,false
1774542428141,68934.34,0.00008,false
1774542428141,68934.34,0.00008,false
1774542428141,68934.34,0.00008,false
1774542428141,68934.34,0.00008,false
1774542428141,68934.34,0.00008,false
1774542428141,68934.34,0.00008,false
1774542428141,68934.34,0.00005,false
1774542428143,68934.34,0.00003,false
1774542428143,68934.34,0.00008,false
1774542428143,68934.34,0.00008,false
1774542428143,68934.34,0.00008,false
1774542428143,68934.34,0.00008,false
1774542428143,68934.34,0.00015,false
1774542428143,68934.34,0.00008,false
1774542428143,68934.34,0.00008,false
1774542428143,68934.34,0.00008,false
1774542428143,68934.34,0.00008,false
1774542428143,68934.34,0.00008,false
1774542428143,68934.34,0.00008,false
1774542428143,68934.34,0.00008,false
1774542428143,68934.34,0.00008,false
1774542428143,68934.34,0.00008,false
1774542428143,68934.34,0.00008,false
1774542428143,68934.34,0.00008,false
1774542428143,68934.34,0.00008,false
1774542428143,68934.34,0.00008,false
1774542428143,68934.34,0.00008,false
1774542428143,68934.34,0.00008,false
1774542428143,68934.35,0.00008,false
1774542428143,68934.35,0.00008,false
1774542428143,68934.35,0.00008,false
1774542428143,68934.35,0.00008,false
1774542428143,68934.35,0.00008,false
1774542428143,68934.35,0.00008,false
1774542428143,68934.35,0.00008,false
1774542428143,68934.84,0.00008,false
1774542428195,68935.56,0.00008,false
1774542428195,68935.56,0.00008,false
1774542428195,68935.56,0.00008,false
1774542428195,68935.56,0.00008,false
1774542428195,68935.56,0.00008,false
1774542428195,68935.56,0.00008,false
1774542428195,68935.56,0.00008,false
1774542428195,68935.56,0.00008,false
1774542428195,68935.56,0.00015,false
1774542428195,68935.56,0.00008,false
1774542428195,68935.56,0.00008,false
1774542428195,68935.56,0.00008,false
1774542428195,68935.56,0.00008,false
1774542428195,68935.56,0.00008,false
1774542428195,68935.56,0.00008,false
1774542428195,68935.56,0.00008,false
1774542428195,68935.56,0.00008,false
1774542428195,68935.56,0.00008,false
1774542428195,68935.56,0.00008,false
1774542428195,68935.56,0.00008,false
1774542428195,68935.56,0.00008,false
1774542428195,68935.57,0.00008,false
1774542428195,68935.57,0.00008,false
1774542428195,68935.57,0.00008,false
1774542428195,68935.57,0.00008,false
1774542428195,68935.57,0.00008,false
1774542428195,68935.57,0.00008,false
1774542428195,68935.57,0.00008,false
1774542428195,68935.57,0.00008,false
1774542428195,68935.57,0.00008,false
1774542428195,68935.86,0.00008,false
1774542428195,68935.87,0.00008,false
1774542428195,68935.87,0.00008,false
1774542428195,68935.87,0.00008,false
1774542428195,68935.87,0.00008,false
1774542428195,68937.39,0.00008,false
1774542428195,68937.39,0.00008,false
1774542428195,68937.39,0.00008,false
1774542428195,68937.39,0.00008,false
1774542428195,68937.39,0.00008,false
1774542428195,68937.45,0.00008,false
1774542428195,68937.68,0.19438,false
1774542428570,68937.68,0.00008,false
1774542428570,68937.68,0.00008,false
1774542428570,68937.68,0.00008,false
1774542428570,68937.68,0.00008,false
1774542428570,68937.68,0.00008,false
1774542428570,68937.68,0.00008,false
1774542428570,68937.68,0.00008,false
1774542428570,68937.68,0.00008,false
1774542428570,68937.68,0.00008,false
1774542428570,68937.68,0.00007,false
1774542428785,68937.68,0.00001,false
1774542428785,68937.68,0.00008,false
1774542428785,68937.68,0.00008,false
1774542428785,68937.68,0.00008,false
1774542428785,68937.68,0.00015,false
1774542428785,68937.68,0.00008,false
1774542428785,68937.68,0.00008,false
1774542428785,68937.68,0.00008,false
1774542428785,68937.68,0.00015,false
1774542428785,68937.68,0.00008,false
1774542428785,68937.68,0.00008,false
1774542428785,68937.68,0.00008,false
1774542428785,68937.68,0.00008,false
1774542428785,68937.68,0.00008,false
1774542428785,68937.68,0.00008,false
1774542428785,68937.68,0.00008,false
1774542428785,68937.68,0.00008,false
1774542428785,68937.68,0.00008,false
1774542428785,68937.68,0.00008,false
1774542428785,68937.68,0.00008,false
1774542428785,68937.68,0.00008,false
1774542428785,68937.68,0.00008,false
1774542428785,68937.68,0.00008,false
1774542428785,68937.68,0.00008,false
1774542428785,68937.68,0.00008,false
1774542428785,68937.69,0.00008,false
1774542428785,68937.69,0.00008,false
1774542428785,68937.69,0.00008,false
1774542428785,68937.69,0.00008,false
1774542428785,68937.69,0.00008,false
1774542428785,68937.69,0.00008,false
1774542428785,68937.69,0.00008,false
1774542428785,68937.69,0.00008,false
1774542428785,68937.69,0.00008,false
1774542428785,68937.93,0.003,false
1774542428785,68938.16,0.00008,false
1774542428797,68938.17,0.47894,false
1774542428797,68938.17,0.00008,false
1774542428797,68938.17,0.00008,false
1774542428797,68938.17,0.00008,false
1774542428797,68938.17,0.00008,false
1774542428797,68938.17,0.00008,false
1774542428797,68938.17,0.00008,false
1774542428797,68938.17,0.00008,false
1774542428797,68938.17,0.00008,false
1774542428797,68938.17,0.00008,false
1774542428797,68938.17,0.00008,false
1774542428797,68938.17,0.00015,false
1774542428797,68938.17,0.00008,false
1774542428797,68938.17,0.00008,false
1774542428797,68938.17,0.00008,false
1774542428797,68938.17,0.00008,false
1774542428797,68938.17,0.00008,false
1774542428797,68938.17,0.00008,false
1774542428797,68938.17,0.00008,false
1774542428797,68938.17,0.00008,false
1774542428797,68938.18,0.00008,false
1774542428797,68938.18,0.00008,false
1774542428797,68938.18,0.00008,false
1774542428797,68938.18,0.00008,false
1774542428797,68938.18,0.00008,false
1774542428797,68938.18,0.00008,false
1774542428797,68938.18,0.00008,false
1774542428799,68938.8,0.00008,false
1774542428799,68938.8,0.00008,false
1774542428808,68938.81,0.00449,false
1774542428845,68938.81,0.00663,false
1774542428910,68938.8,0.00332,true
1774542428915,68938.81,0.00918,false
1774542428915,68938.81,0.00008,false
1774542428915,68938.81,0.00008,false
1774542428915,68938.81,0.00008,false
1774542428915,68938.81,0.00008,false
1774542428915,68938.81,0.00008,false
1774542428915,68938.81,0.00008,false
1774542428915,68938.81,0.00008,false
1774542428915,68938.81,0.00008,false
1774542428915,68938.81,0.00008,false
1774542428915,68938.81,0.00008,false
1774542428915,68938.81,0.00008,false
1774542428915,68938.81,0.00008,false
1774542428915,68938.81,0.00015,false
1774542428915,68938.81,0.00008,false
1774542428915,68938.81,0.00008,false
1774542428915,68938.81,0.00008,false
1774542428915,68938.81,0.00008,false
1774542428915,68938.81,0.00008,false
1774542428915,68938.81,0.00008,false
1774542428915,68938.81,0.00008,false
1774542428915,68938.81,0.00008,false
1774542428915,68938.81,0.00008,false
1774542428915,68938.81,0.00008,false
1774542428915,68938.81,0.00008,false
1774542428915,68938.81,0.00008,false
1774542428915,68938.81,0.00008,false
1774542428915,68938.81,0.00008,false
1774542428915,68938.81,0.00008,false
1774542428915,68938.81,0.00008,false
1774542428915,68938.81,0.00008,false
1774542428915,68938.81,0.00008,false
1774542428915,68938.81,0.00008,false
1774542428915,68938.82,0.00008,false
1774542428915,68938.82,0.00008,false
1774542428915,68938.82,0.00008,false
1774542428915,68938.82,0.00008,false
1774542428915,68938.82,0.00008,false
1774542428915,68938.82,0.00008,false
1774542428915,68938.82,0.00008,false
1774542428915,68938.82,0.00008,false
1774542428915,68938.97,0.00008,false
1774542428915,68939.65,0.00008,false
1774542428915,68939.66,0.01,false
1774542428915,68939.66,0.00008,false
1774542428915,68939.66,0.00008,false
1774542428915,68939.96,0.00014,false
1774542428915,68939.97,0.00008,false
1774542428915,68939.97,0.00271,false
1774542428915,68939.97,0.00008,false
1774542428915,68939.97,0.00008,false
1774542428915,68939.97,0.00008,false
1774542428915,68940.38,0.00008,false
1774542428915,68940.38,0.00008,false
1774542428915,68940.38,0.00008,false
1774542428915,68940.38,0.00008,false
1774542428915,68940.38,0.00008,false
